4642 5594
169 282 238 354 rae
388 346 390 351 ,
621 276 737 346 rum.
759 244 865 345 man.
886 271 1078 345 scurrae
1098 272 1371 345 noaunuan
1390 274 1768 348 acarnanum·
2126 278 2194 350 rm

172 484 226 539 art
248 475 319 539 XX.
343 481 434 554 atque
453 469 505 532 De
520 473 603 531 cotis
624 468 849 532 Monactorraa
873 467 985 531 etDe
1014 473 1175 547 potestate
1202 467 1437 548 eeclesiartiea,
1463 473 1515 552 qui
1544 477 1668 553 propter
1689 489 1827 552 magnam
1860 467 1987 535 Codicis
2021 471 2192 552 Mogentini

172 562 212 626 ab
233 562 293 627 Ed.
312 560 474 623 Wittemb.
498 558 528 618 in
552 558 591 618 iia
611 557 819 618 diversitatem
837 575 878 616 ex
898 554 952 617 illo
970 554 1118 636 descripti
1139 562 1221 618 eunt.
1265 555 1298 617 ln
1317 555 1368 618 tria
1386 557 1467 618 enim
1489 558 1604 620 incuria
1625 558 1747 620 scribae
1763 559 1882 640 pnaeim

365 696 369 703 ·
392 676 424 749 a)
446 689 541 731 voces
565 666 693 729 Codicis
716 668 888 749 Magantini
907 670 1105 748 permutatae
1121 672 1204 740 ruat,
1227 690 1254 732 e.
1278 689 1305 728 c.
1328 673 1372 743 ia,
1391 665 1468 731 Cod.
1492 668 1593 750 Maga
1618 690 1672 743 an3
1734 662 1742 678 “

385 777 421 854 n)
443 794 551 835 vocum
564 768 691 834 Codicis
702 771 788 854 lllog.
812 771 893 832 ordo
910 778 1048 833 mutatur
1069 777 1129 852 ert,
1148 791 1177 833 e.
1200 791 1227 834 a
1250 774 1321 850 [etat
1340 775 1458 849 tattadt
1476 778 1597 852 mattea,
1611 771 1690 836 Cad.
1713 772 1817 854 Maga
1840 776 1956 851 aeritedt
1974 778 2045 852 fetat
2063 782 2190 852 matbm5

391 882 423 956 e)
445 895 558 1031 ἔοοοο,
578 895 658 956 quae
679 897 740 939 non
762 876 792 936 in
812 872 892 938 Cod.
914 873 998 956 Mag.
1020 874 1178 957 legantur,
1198 874 1333 936 additae
1349 882 1437 948 enar,
1457 898 1484 942 e.
1503 861 1531 938 οἱ
1556 882 1616 941 lna
1638 879 1727 957 littam
1757 880 1859 960 berall,
1888 873 1966 940 Cod.
1996 877 2095 959 Mega
2122 884 2192 956 irem

386 1067 421 1147 ὰ)
443 964 549 1130 vlrteuell'
562 1063 690 1130 Codicis
712 1064 797 1148 Mag.
820 1069 954 1127 omi-rrae
975 1072 1062 1136 suat,
1085 1085 1113 1127 e.
1134 1086 1161 1127 c.
1183 1070 1258 1131 barm
1276 1070 1318 1132 bie
1335 1068 1464 1151 &tarint
1484 1063 1562 1128 Cod.
1584 1066 1682 1148 Maga
1707 1068 1774 1132 Coa
1791 1069 1834 1132 bie
1852 1071 1980 1147 gatlidr
2000 1072 2107 1150 immiti.

329 1181 417 1244 Haec
438 1180 539 1240 omnin
560 1180 692 1241 breviter
719 1184 835 1241 tantum
859 1178 891 1246 lr.
918 1177 941 1243 l.
971 1178 1170 1259 indigitamo
1201 1178 1368 1241 Webero
1402 1179 1423 1241 l.
1447 1178 1468 1240 Ι.
1491 1177 1515 1240 l.
1537 1198 1568 1261 p.
1592 1180 1772 1242 tte-tae.
1801 1179 1927 1242 uberius
1956 1182 2192 1262 accuratiusque

174 1278 283 1334 eunte
324 1268 435 1331 lanata.
2012 1327 2019 1337 ,

283 1289 379 1415 ΣΡΕι
401 1351 464 1414 illie
486 1351 672 1414 lectionibus
690 1353 798 1432 prioria
819 1351 959 1432 generis,
982 1351 1095 1433 quibus
1118 1358 1222 1414 textus
1245 1347 1391 1434 Corporis
1412 1351 1717 1434 Brandenlrnrgici⁰)
1740 1371 1779 1413 ex
1795 1349 1939 1414 Editione
1962 1353 2092 1434 quadam
2114 1351 2192 1415 Wit-

173 1443 380 1523 temhergenei
397 1439 566 1501 secundnm
590 1436 737 1499 Codicem
754 1437 967 1518 Mogentinum
988 1444 1103 1501 mutata
1119 1440 1203 1521 typis
1226 1439 1402 1521 descriptae
1425 1438 1464 1500 alr
1492 1438 1552 1500 lroc
1575 1435 1692 1501 Codice
1725 1457 1763 1500 ea
1792 1437 1961 1520 discrepat,
1985 1439 2069 1521 quod
2095 1458 2191 1503 voces

175 1530 260 1592 illiue
282 1529 436 1592 Editioaia
452 1526 616 1588 mutandae
636 1546 695 1586 seu
717 1524 867 1586 delendae
885 1544 945 1586 non
963 1531 1096 1587 mutatae
1113 1533 1167 1587 aut
1183 1524 1306 1587 deletae
1327 1533 1414 1598 aunt,
1436 1526 1586 1588 coniicere
1603 1525 1693 1597 licet,
1728 1545 1767 1587 ex
1789 1544 1917 1607 quanam
1945 1524 2089 1589 Editione
2112 1527 2191 1590 wu-

173 1616 383 1696 tembergenai
400 1616 448 1675 aic
465 1619 579 1675 mutata
596 1611 646 1674 iric
667 1617 770 1673 textus
786 1613 872 1693 typis
893 1613 1065 1693 exscriptus
1088 1613 1141 1678 ait.
1186 1609 1298 1674 l’lurea
1321 1612 1445 1694 quidem
1466 1611 1571 1674 harum
1592 1611 1758 1675 lectionum
1781 1613 1841 1675 iam
1868 1614 1899 1673 in
1921 1615 2074 1696 prioribus
2098 1614 2193 1676 varia

174 1705 218 1767 tta
239 1701 436 1764 Editionibue
454 1698 790 1778 Wittembergenailrue
808 1719 834 1761 a.
857 1700 948 1761 1533.
975 1701 1012 1760 8⁰
1037 1704 1069 1760 et
1096 1718 1125 1761 ο.
1157 1701 1249 1761 1555.
1278 1702 1315 1760 4⁰
1348 1698 1539 1761 inveniuntur
1567 1699 1652 1778 (vide
1684 1699 1888 1761 Weberum
1906 1697 1966 1762 li
1989 1696 2013 1765 l.
2036 1720 2066 1782 p.
2092 1702 2192 1778 242),

175 1789 327 1873 quaedam
345 1806 469 1870 quoque
486 1788 516 1848 in
539 1784 684 1848 Editinne
705 1786 841 1867 principe
859 1782 1067 1846 Melanthonia
1088 1804 1118 1847 a.
1140 1788 1234 1850 1531.
1257 1787 1294 1846 4⁰
1312 1784 1396 1867 (vide
1412 1786 1617 1848 Webernm
1640 1784 1660 1846 l.
1678 1785 1699 1846 1.
1719 1785 1743 1850 l.
1764 1804 1795 1866 p.
1821 1788 1880 1848 253
1894 1794 1969 1867 am),
1988 1785 2067 1848 aliae
2089 1796 2192 1849 antem

115 1893 121 1919 1
174 1878 303 1960 primum
321 1877 351 1937 in
373 1873 770 1937 EditioneWittemb.nnni
785 1874 879 1935 1567.
892 1870 1044 1952 leguntur,
1058 1873 1254 1954 cuineaupra
1268 1892 1302 1957 p.
1322 1876 1383 1935 433
1398 1874 1490 1954 emin
1503 1873 1685 1935 recensione
1700 1870 1896 1934 llaasruarta‘
1907 1872 2193 1935 Steiadreclrerr‘aar‘
2279 1903 2281 1907 ο

132 2030 134 2034 ,
175 1965 290 2026 mentio
307 1969 359 2025 eat
375 1960 465 2022 laem.
510 1957 589 2022 Cum
607 1961 698 2040 igitur
719 1959 797 2021 haec
814 1956 919 2020 Editio
937 1978 1046 2019 omnee
1062 1958 1129 2020 iere
1159 1956 1328 2031 lectiones,
1362 1958 1476 2041 quibua
1504 1964 1608 2022 textae
1641 1956 1788 2040 Corporis
1820 1958 1994 2023 Brandenb.
2023 1981 2041 2021 a
2074 1957 2192 2024 Codice

175 2049 358 2130 Moguntino
377 2046 490 2120 didert,
510 2045 739 2128 complectetur,
758 2043 1018 2107 verosimillimum
1036 2052 1097 2122 eat,
1115 2063 1155 2107 ex
1176 2042 1235 2107 hac
1251 2044 1396 2108 Editione
1416 2045 1586 2108 secundum
1604 2041 1752 2108 codicem
1769 2043 1981 2126 Moguutinum
1998 2055 2113 2111 mutata
2128 2055 2191 2111 tex·

175 2145 240 2200 turn
258 2133 493 2218 Carporiaeaae
511 2153 667 2196 excusum.
679 2133 732 2213 ⁰⁰)
765 2131 939 2206 Quaeritur,
957 2139 1057 2195 atrurn
1078 2130 1201 2195 collatio
1219 2131 1311 2195 lruiue
1329 2130 1483 2197 Editionia
1502 2153 1570 2195 cam
1593 2129 1710 2195 Codice
1721 2131 1901 2214 llloguntino
1919 2134 1978 2196 iam
1998 2132 2192 2222 Moguntiae,

177 2243 215 2285 an
236 2231 349 2305 postca
366 2220 439 2283 alibi
467 2219 548 2284 lacta
574 2222 623 2283 ait
666 2219 874 2291 woborne,
905 2238 996 2299 quern
1026 2240 1120 2302 supra
1142 2219 1242 2281 secuti
1271 2239 1398 2293 eumue,
1427 2221 1536 2293 sumit,
1566 2216 1760 2282 collationem
1787 2217 2084 2301 Brandenbnrgicam
2112 2241 2215 2285 anno-

179 2312 272 2372 1566.
291 2328 368 2372 esee
385 2307 509 2385 iactam,
527 2305 612 2388 qnod
628 2303 883 2368 Coeleatinua
901 2307 930 2367 in
948 2307 1045 2388 prima
1063 2325 1123 2368 aaa
1139 2305 1284 2370 Editioae
1305 2307 1346 2373 Δ.
1365 2299 1403 2370 C.
1431 2308 1501 2368 anni
1526 2308 1635 2380 1576„
1654 2326 1744 2388 qaam
1766 2325 1860 2387 supra
1876 2327 1907 2388 p.
1927 2310 1987 2369 437
2012 2328 2060 2389 aq.
2088 2328 2191 2370 recen·

176 2397 244 2469 eui,
262 2397 292 2457 in
310 2392 399 2457 titulo
416 2392 519 2466 refert,
538 2391 621 2454 illam
639 2390 834 2456 collationem
852 2399 925 2454 ante
942 2391 1049 2454 decem
1066 2412 1166 2454 anaor
1183 2412 1259 2455 ease
1280 2392 1460 2455 confectam.
1491 2391 1575 2468 Quid
1591 2413 1664 2454 vero
1682 2391 1818 2473 impedit,
1842 2395 1914 2473 quin
1932 2392 2013 2456 lrunc
2033 2415 2192 2458 numerum

176 2500 287 2562 vagum
304 2502 364 2544 eeu
380 2479 552 2552 rotundum,
571 2481 623 2560 qui
642 2480 759 2546 dicitur,
780 2480 949 2543 indicemus
971 2486 1064 2560 atqua
1086 2484 1274 2552 statuamus,
1297 2478 1491 2541 collationem
1519 2479 1816 2560 Brandenburglcam
1843 2481 1964 2542 demum
1992 2500 2070 2543 anno
2097 2485 2191 2544 1561.
2279 2512 2283 2531 ·

96 2568 99 2574 ’
177 2588 252 2630 ease
262 2569 539 2649 susceptamim)
574 2564 643 2627 llac
653 2566 732 2626 enim
745 2568 919 2628 coniectura
929 2565 1074 2628 facillime
1093 2565 1269 2646 explicatur,
1283 2565 1449 2628 curEditio
1462 2565 1624 2628 Wittemb.
1636 2566 1729 2629 lruiua
1742 2567 1821 2637 anni,
1840 2586 1920 2647 quae
1930 2567 2021 2629 modo
2039 2566 2193 2650 prodierat
2302 2640 2305 2645 .

157 2654 309 2735 ideoque
329 2657 359 2716 in
377 2660 496 2735 promtu
514 2657 593 2722 erat,
618 2650 716 2712 electa
740 2655 798 2739 air.
823 2659 857 2713 ut
885 2672 953 2713 cum
976 2648 1095 2714 Codice
1116 2651 1295 2733 Moguntiuo
1328 2650 1505 2731 Moguntiae
1533 2652 1734 2725 conterretur,
1757 2659 1849 2733 atque
1879 2657 1986 2716 iterum
2013 2675 2031 2715 a
2060 2654 2191 2717 Stein-

174 2740 362 2802 breclrero
385 2742 415 2801 in
433 2738 633 2802 Tranaaumto
652 2757 711 2798 ano
730 2738 867 2800 milriiritn
884 2739 936 2802 eit.
1879 2785 1883 2795 .

330 2824 501 2907 Postquam
520 2826 568 2886 sic
590 2824 630 2886 de
648 2832 750 2886 textus
772 2826 809 2886 A.
829 2821 879 2897 C.,
901 2825 954 2906 qui
976 2826 1007 2885 in
1025 2821 1162 2907 Corpore
1183 2822 1452 2904 Brundenlrurgico
1474 2832 1507 2888 et
1525 2824 1618 2887 Libro
1630 2821 1823 2887 Concordiae
1839 2823 1961 2906 legitur,
1973 2828 2089 2909 origine
2107 2828 2195 2891 dubi·

176 2914 322 2976 tationem
344 2932 387 2975 ea
404 2910 555 2991 dialecti,
571 2909 820 2992 ortdoproplu'ae
842 2931 882 2972 ac
903 2911 1167 2992 tatapauctr'oatr
1194 2909 1378 2974 dimatate
1400 2914 1558 2996 oara'trque
1583 2914 1652 2974 etur
1679 2910 1865 2974 lecttmrr‘dar
1885 2921 2018 2976 exortam
2037 2913 2193 2988 diluimus,

175 3006 288 3080 restat,
310 3007 345 3063 ut
931 3028 934 3033 ·
2229 3072 2233 3078 .

396 3091 424 3153 2.
447 3106 513 3147 earn
533 3105 657 3167 quoqne
676 3084 715 3145 de
738 3086 806 3145 eina
825 3085 939 3165 origine
962 3082 1181 3146 dubitationem
1203 3082 1364 3161 tollamne,
1386 3104 1466 3167 quae
1488 3104 1531 3145 ea
1555 3085 1837 3166 subscriptionibus
1862 3087 1928 3146 etur
1952 3086 2110 3169 depromta
2133 3095 2193 3151 eet.
2220 3130 2225 3137 ·

449 3169 528 3233 Cum
547 3175 626 3232 eninr
650 3173 772 3252 Corpus
791 3169 1089 3252 Brandenburgieum
1112 3191 1149 3232 nc
1169 3167 1264 3233 Liber
1285 3166 1476 3234 Concordiae
1494 3174 1523 3233 in
1542 3173 1740 3253 Augnamnae
1752 3168 1970 3236 Confeaaiouia
1989 3174 2048 3237 fine
2064 3174 2197 3238 habeant

450 3257 762 3338 subscriptiones,†)¹
785 3258 898 3336 quibua
928 3253 1035 3318 Codex
1052 3257 1252 3337 Mognntinua
1276 3259 1397 3320 omnino
1422 3266 1520 3334 caret,
1548 3258 1619 3320 inde
1641 3280 1659 3321 a
1679 3257 1863 3339 quibusdam
1882 3259 2049 3341 colligitur,
2074 3259 2194 3324 illoram

445 3341 589 3404 librarum
606 3350 721 3405 textum
745 3362 804 3403 non
823 3363 862 3402 ex
883 3342 943 3429 lanc
961 3341 1077 3405 Codice
1098 3362 1195 3424 paese
1218 3344 1356 3406 derivari.
1400 3344 1562 3419 Quaerimr
1577 3365 1650 3426 ergo

287 3502 315 3569 0)
333 3500 387 3556 tiae
404 3501 488 3555 eninm
506 3501 531 3554 ln.
549 3501 568 3552 i.
586 3500 690 3553 nomino
707 3511 767 3551 eam
785 3500 818 3551 ob
836 3511 952 3563 musam,
972 3499 1042 3565 quod
1062 3500 1147 3569 textus
1164 3499 1233 3553 Libri
1251 3500 1407 3555 concordiae
1425 3514 1458 3555 ex
1480 3503 1529 3555 hoc
1554 3501 1666 3566 corpore
1690 3503 1817 3568 repetitus
1841 3507 1867 3556 et
1893 3505 1982 3567 prucis
2005 3506 2107 3560 mutum
2131 3504 2197 3559 incia

333 3584 367 3627 er
384 3570 527 3655 collatione
545 3569 672 3622 saranica
689 3567 844 3622 emendatae
862 3570 911 3634 eat,
928 3567 988 3621 vide
1005 3578 1085 3632 snpra
1101 3580 1127 3633 p.
1146 3569 1198 3619 443
1215 3582 1254 3635 sq.
1271 3574 1298 3623 et
1315 3571 1487 3625 Weberum
1505 3571 1523 3625 i.
1540 3571 1558 3622 Ι.
1575 3571 1595 3625 l.
1613 3582 1639 3635 p.
1660 3571 1721 3622 253.
1740 3575 1828 3625 notun
1845 3584 1874 3626 a.

274 3663 315 3733 ⁰⁴)
333 3667 386 3722 ilar
402 3667 559 3720 Weberaa
576 3664 595 3717 i.
614 3663 631 3717 l.
648 3664 665 3717 L
683 3675 708 3727 p.
729 3661 779 3712 144
796 3674 852 3728 aaa.
870 3662 1006 3738 permultis
1025 3662 1212 3718 demonstravit
1229 3664 1362 3729 exemptio.

248 3751 307 3821 ⁸⁰¹¹)
325 3754 379 3808 Hoc
395 3753 517 3807 indicium
537 3763 569 3805 eo
587 3760 688 3816 qnoque
705 3748 831 3802 affirmari
848 3748 958 3813 ridetur,
976 3749 1044 3815 qnod
1062 3749 1269 3820 coelestiana
1288 3751 1366 3804 etiarn
1383 3751 1410 3805 in
1427 3750 1502 3804 titulo
1519 3749 1643 3807 editionis
1660 3764 1728 3807 mna
1749 3752 1824 3804 ltt't.
1842 3753 1894 3808 toi
1911 3752 2001 3819 refert,
2024 3753 2096 3807 iiiam
2116 3754 2194 3808 cour·

331 3824 428 3876 tionem
447 3826 516 3877 ante
531 3819 625 3875 deam
642 3829 734 3874 amor
751 3829 812 3872 esee
829 3817 926 3872 tactem
945 3819 1018 3884 (ride
1036 3830 1117 3885 snpra
1132 3830 1159 3885 p.
1177 3819 1230 3871 439
1247 3821 1311 3885 aa).
2036 3844 2048 3864 .

283 3918 314 3983 t)
332 3918 363 3972 in
382 3917 455 3980 carp.
474 3917 544 3970 enirn
561 3912 707 3969 Brandentr.
726 3912 773 3968 toi.
794 3910 841 3964 lib
853 3914 905 3967 irre
924 3915 1062 3981 leguntur:

420 3999 453 4055 e.
470 3998 541 4065 aaa:
560 3996 640 4062 Clau:

522 4067 730 4139 Catrmtrraigtte.

713 4135 956 4206 Salamara-§erpo
992 4153 1021 4208 pr
1039 4134 1151 4206 aaaron
1168 4132 1313 4203 ilturftrtt.

714 4205 801 4274 Creta
821 4151 1013 4330 lliaraarailpr
1030 4203 1234 4330 Crantrtabarat

713 4272 1130 4430 {attentaretur

713 4409 864 4561 ldtlttit
880 4411 1123 4551 dillttdlll‘·

713 4546 764 4603 vie
782 4546 863 4604 §tam
880 4547 1044 4620 tteuttinam.

336 4642 363 4692 et
379 4640 406 4692 ln
423 4639 500 4695 Libro
516 4637 674 4694 concordiae
691 4637 737 4692 tol.
755 4638 803 4686 tob
814 4637 909 4691 unere:

423 4723 539 4792 (Mam
557 4721 630 4786 moa.

320 4906 329 4923 .
455 4863 592 4930 metanoea
611 4791 778 4998 bllrnaldflrlli
808 4807 889 4929 datan
913 4855 1055 4928 tiburtum.

455 4931 542 5000 Creta
560 4928 686 5000 Clamare
715 4946 752 5054 pu
769 4927 962 4998 ereaturam.

454 4997 714 5194 preterca,
730 4999 873 5139 rra,

455 5135 602 5263 9οιοίῇὲοοᾳ
646 5137 741 5263 ιῑεὰῇςο
759 5137 863 5261 {tutata

455 5222 506 5332 nr:
523 5208 605 5333 adl}
620 5220 784 5344 adsilit
