4642 5594
93 264 102 296 ²
152 278 232 351 w
602 274 732 341 vnit.
751 273 854 343 MEL‘.
878 273 1065 343 SCRIPTA
1087 273 1355 344 montanica
1377 273 1434 342 Et
1456 274 1730 347 SYMBOLICA.
2115 277 2181 345 26⁰

324 467 384 531 llis
402 469 601 549 praemissis,
620 486 714 538 nunc,
733 466 909 547 pruisquam
928 466 967 528 ed
983 465 1157 529 Editiouem
1177 463 1394 528 Confessinnis
1412 465 1525 528 latinae
1543 468 1642 548 ipsam
1659 467 1882 549 progredimur,
1908 459 2179 530 Melanthonis

167 554 407 631 Praefationem
427 554 471 615 ad
489 553 622 615 ketoreo
640 555 669 614 ei
687 553 866 634 praefixam,
886 573 1067 634 quemquam
1087 555 1116 614 in
1134 552 1226 615 huius
1238 550 1385 634 Corporis
1401 552 1477 616 Vol.
1497 551 1531 614 ll.
1550 574 1580 634 p.
1600 558 1783 618 445-447.
1802 555 1862 617 iarn
1879 573 1990 617 recusa
2001 561 2062 625 est,
2073 555 2180 617 iterun

166 642 371 705 recudendam
391 659 547 711 curamus,
565 647 599 701 ut
615 638 722 703 lectori
741 660 778 701 eo
798 638 921 701 lbcilius
938 642 968 701 iu
987 648 1105 720 promtu
1122 641 1172 701 sit.
1960 668 1964 672 ·
2155 634 2158 643 '

1004 875 1087 943 ..AD
1109 877 1354 944 LECTORES.
1407 893 1414 905 '

325 1034 409 1096 llaec
432 1033 589 1095 confessio
613 1053 740 1115 prorsus
764 1035 972 1115 ignorantibus
996 1035 1184 1115 principibus
1208 1035 1260 1115 qui
1286 1054 1352 1095 earn
1377 1031 1504 1098 Caesari
1528 1034 1743 1108 exhibuerunt,
1774 1036 1812 1097 ab
1842 1055 1933 1097 avaro
1960 1034 2064 1114 aliquo
2092 1041 2179 1116 typo·

169 1119 295 1203 grapho,
312 1127 382 1182 ante
400 1120 481 1181 duos
498 1139 626 1182 menses
644 1118 800 1201 publicata
819 1128 877 1183 est.
921 1118 963 1183 Et
980 1122 1022 1182 ita
1040 1138 1156 1182 excusa
1174 1128 1237 1193 est,
1256 1128 1290 1183 ut
1307 1119 1411 1183 multis
1431 1123 1459 1182 in
1478 1119 1557 1182 locis
1576 1129 1719 1204 appareat
1742 1120 1782 1182 de
1810 1120 1959 1185 industria
1987 1122 2178 1202 depravatam

167 1227 252 1269 esse.
299 1202 378 1270 Cum
397 1213 497 1268 autem
517 1207 685 1288 principes,
705 1226 763 1267 nec
781 1207 808 1266 si
826 1206 936 1279 velint,
955 1214 1070 1287 queant
1087 1228 1153 1267 eam
1172 1227 1252 1268 nunc
1269 1227 1287 1268 e
1305 1207 1446 1269 manibus
1464 1206 1617 1270 hominum
1637 1214 1827 1288 extorquere,
1847 1215 1995 1269 ettamen
2013 1205 2179 1288 periculum

167 1295 226 1364 sit,
246 1314 285 1354 ne
302 1293 431 1354 mendae
448 1293 538 1365 illae,
562 1295 675 1374 primae
699 1292 845 1355 editionis
875 1294 990 1374 pariant
1013 1313 1110 1354 novas
1134 1292 1319 1363 calumnias,
1343 1312 1476 1355 necesse
1502 1293 1559 1356 suit
1585 1296 1771 1375 recognitam
1800 1299 1832 1354 et
1860 1293 2050 1355 emendatam
2080 1292 2179 1353 denuo

169 1379 273 1451 edere,
294 1382 442 1459 quianon
462 1379 563 1441 solum
583 1380 621 1441 ad
641 1380 896 1451 existimationem
915 1381 1098 1462 principum,
1117 1379 1175 1441 sed
1194 1381 1284 1443 etiam
1303 1378 1343 1441 ad
1360 1379 1537 1461 religionem
1556 1382 1700 1462 pertinet,
1717 1387 1884 1462 praestare,
1902 1401 1941 1442 ne
1959 1381 2095 1461 ipsorum
2112 1380 2181 1443 titu-

166 1465 208 1529 lis
227 1473 407 1548 spargantur
425 1468 455 1527 iu
473 1464 584 1548 vulgus
602 1466 695 1528 huius
712 1468 836 1547 generis
865 1467 1015 1527 mendosa
1042 1468 1164 1547 scripta.
1209 1464 1313 1540 Quare
1338 1485 1417 1526 nunc
1445 1467 1611 1528 emittimus
1637 1468 1731 1548 proba
1754 1472 1786 1528 et
1808 1466 1970 1548 diligenter
1992 1466 2093 1528 deseri
2118 1472 2178 1529 tam

169 1552 412 1624 contessionem,
432 1573 470 1614 ex
488 1552 653 1633 exemplari
672 1553 771 1614 bonae
790 1552 870 1613 fidei.
905 1552 1087 1614 Addidimus
1106 1559 1137 1614 et
1154 1553 1355 1633 Apologiam,
1374 1571 1452 1633 quae
1471 1554 1562 1615 etiam
1582 1551 1675 1619 Caes.
1692 1551 1848 1614 Maiestati
1867 1551 1970 1616 oblata
1986 1560 2046 1616 est.
2114 1573 2178 1612 ere·

168 1641 275 1702 hamur
300 1640 378 1713 enim
399 1639 545 1711 luturunt,
564 1646 597 1701 ut
615 1638 687 1700 alibi
707 1638 847 1700 ederetur
863 1657 922 1699 non
941 1638 1101 1714 foelicius,
1120 1658 1210 1720 quam
1229 1639 1312 1699 edita
1329 1645 1379 1700 est
1397 1637 1571 1699 consessio.

327 1724 518 1806 Quamquam
537 1732 637 1786 nutem
657 1725 821 1786 adversarii
839 1724 952 1805 placari
971 1724 1077 1795 nolint,
1095 1732 1195 1787 tamen
1214 1730 1376 1806 speramus
1395 1746 1502 1786 omnes
1521 1725 1620 1787 honos
1638 1745 1675 1786 ac
1692 1723 1858 1806 prudentes
1875 1724 1958 1785 viros
1976 1723 2091 1804 ubique
2108 1743 2179 1803 gen·

169 1813 244 1875 tium
263 1811 313 1872 his
331 1810 447 1873 libellis
466 1811 567 1883 lectis,
586 1810 796 1875 intellecturos
816 1830 890 1872 esse
909 1811 992 1890 quod
1011 1811 1125 1873 nullum
1144 1812 1255 1892 dogma
1272 1819 1377 1872 contra
1394 1812 1584 1873 autoritatem
1602 1813 1770 1893 scripturae
1795 1816 1922 1872 sanctae
1945 1816 1977 1872 et
2001 1807 2180 1871 Catholicae

169 1897 334 1961 Ecclesiae
352 1899 561 1978 profiteamur,
580 1897 643 1959 Sed
664 1897 745 1977 quod
763 1899 858 1958 nestri
876 1899 991 1978 optimo
1010 1900 1074 1959 iure
1093 1899 1240 1978 quosdam
1259 1898 1376 1959 abusus
1395 1897 1656 1978 reprehenderint,
1683 1904 1715 1960 et
1732 1897 1904 1978 praecipuis
1921 1894 2001 1957 locis
2025 1895 2179 1958 doctrinae

171 1981 384 2055 Christianae,
403 1985 455 2065 qui
474 1984 512 2045 ad
536 1984 566 2045 id
590 1991 713 2065 tempus
738 1984 1012 2065 perniciosissimis
1036 1984 1231 2066 opinionibus
1253 1985 1352 2046 obruti
1378 1982 1510 2055 luerent,
1539 1983 1641 2046 lumen
1670 1983 1835 2050 attulerint.
1878 1981 1928 2043 De
1957 1983 2080 2044 iusticia
2109 1983 2179 2045 fidel

150 2072 272 2136 somnia
289 2070 419 2152 templa,
437 2072 635 2142 monasteria,
653 2068 800 2148 scitulae,
819 2068 949 2151 denique
966 2070 1035 2133 libri
1060 2091 1168 2132 ornnes
1196 2069 1408 2151 theologorum
1438 2073 1602 2133 recentium
1625 2079 1716 2132 antea
1738 2071 1813 2133 muti
1841 2076 1935 2132 erant.
1980 2065 2012 2129 lu
2042 2068 2179 2133 domina

169 2160 377 2241 poenitentiae
395 2175 544 2237 nusquam
562 2157 735 2218 tradebatur
752 2163 834 2218 certa
852 2163 883 2218 et
901 2157 984 2218 timia
1001 2157 1175 2219 consolacio
1194 2158 1457 2219 conscientiarum.
1485 2154 1584 2219 Nemo
1604 2157 1735 2219 docebat
1750 2163 1877 2238 peecata
1895 2156 2005 2216 remitti
2018 2174 2072 2236 per
2090 2154 2180 2217 fidem

170 2245 200 2307 ln
220 2241 386 2307 Christum.
432 2242 578 2306 lloctriua
594 2242 839 2305 satisfactionum
858 2244 1030 2323 carnificina
1053 2252 1117 2304 erat
1135 2245 1398 2306 conscientiarum.
1443 2242 1639 2305 Sacramenta
1656 2244 1747 2324 impie
1773 2242 1958 2324 prophanata
1979 2247 2067 2313 sunt,
2092 2248 2180 2322 post·

88 2337 100 2351 '
171 2350 260 2413 quam
279 2336 402 2413 recepta
419 2337 469 2390 est
487 2330 605 2410 opinio,
624 2330 706 2411 q'uod
725 2350 763 2390 ex
781 2349 873 2411 opere
891 2337 1015 2408 operato
1034 2330 1208 2392 iustihcent.
1251 2330 1293 2393 Et
1310 2327 1387 2390 haec
1406 2330 1508 2410 opinio
1525 2329 1690 2407 doctrinam
1709 2327 1779 2390 fidei
1802 2348 1929 2411 prorsus
1953 2327 2124 2408 oppressit,
2148 2332 2179 2389 et

169 2408 368 2499 multiplicem
387 2413 590 2480 ldololatriem
607 2414 734 2497 peperit.
779 2412 971 2479 Traditiones
990 2414 1138 2477 humanae
1156 2415 1228 2497 plus
1246 2436 1335 2497 quam
1352 2413 1515 2496 labyrinthi
1534 2423 1629 2487 erant,
1648 2416 1720 2496 quia
1736 2414 1841 2497 partim
1860 2411 1993 2475 ludaicis
2016 2431 2053 2474 ac
2075 2432 2178 2494 snper·

45 2536 48 2541 ·
170 2504 326 2578 sticiosis,
345 2504 453 2585 partim
470 2502 636 2584 tyrannicis
655 2502 975 2583 interpretacionibus,
995 2503 1024 2562 in
1052 2502 1196 2564 inlinitum
1220 2508 1329 2563 anemo
1355 2502 1482 2564 fuerant.
1526 2497 1643 2565 Postea
1670 2499 1816 2564 relaxatio
1846 2501 2038 2562 traditionum
2067 2497 2180 2561 collata

170 2588 229 2651 tuit
245 2590 285 2651 ad
303 2595 455 2670 questum.
501 2589 587 2650 llaec
605 2588 684 2648 vicia
702 2589 798 2648 nostri
817 2585 1084 2668 reprehenderunt,
1101 2603 1163 2649 'non
1182 2597 1216 2650 ut
1233 2586 1487 2650 Ecclesiasticam
1512 2587 1648 2669 politiam
1672 2587 1894 2659 dissolverent,
1924 2585 1982 2647 sed
1999 2592 2034 2648 ut
2049 2585 2177 2668 gloriam

170 2671 287 2739 Christi
307 2674 506 2747 illustrarent,
525 2681 560 2736 ut
582 2670 791 2755 Evangelium‘
807 2675 925 2735 nativae
948 2674 1069 2756 puritati
1093 2675 1303 2746 restituerent,
1331 2681 1365 2737 ut
1393 2675 1455 2757 pita
1484 2675 1682 2737 conscientiis
1711 2673 1915 2736 consulerent.
1959 2670 2070 2755 Neque
2099 2692 2180 2733 nunc

170 2768 304 2844 possunt
321 2762 465 2822 deserere
483 2759 679 2839 patrocinium
699 2758 845 2831 veritatis,
865 2779 933 2821 cum
952 2756 1097 2822 Christus
1115 2759 1211 2836 dicat,
1229 2759 1338 2821 Omnis
1361 2761 1412 2841 qui
1434 2762 1626 2823 confitebitur
1642 2781 1692 2839 rue
1717 2780 1817 2823 coram
1841 2758 2033 2829 hominihus,
2057 2759 2180 2821 conlite-

170 2851 227 2913 hor
244 2855 275 2909 et
294 2867 351 2928 ego
370 2867 439 2908 eum
459 2866 560 2909 coram
577 2853 663 2926 patre
681 2866 767 2918 meo,
787 2847 887 2927 quiin
911 2845 1008 2908 coelis
1032 2856 1092 2909 est.
1139 2847 1198 2925 Qui
1222 2854 1322 2909 autem
1342 2850 1498 2927 negaverit
1521 2867 1571 2909 me
1592 2867 1692 2909 coram
1711 2846 1903 2918 hominibus,
1929 2844 2047 2925 negabo
2067 2851 2098 2906 et
2120 2863 2179 2926 ego

81 2952 90 2966 ”
171 2941 566 3015 eumcorampatremeo,
591 2933 695 3013 quiin
721 2931 902 2995 coelisest.
946 2932 1035 2995 Nunc
1053 2935 1144 3014 igitur
1165 2953 1306 3015 rogamus
1336 2933 2048 3005 omnesbonosviros,nedenobis,tantu1n
2065 2951 2104 2994 ex
2129 2930 2181 2994 ad·

170 3020 378 3087 versariorum·
397 3021 520 3103 scriptis
537 3027 590 3081 aut
613 3018 795 3083 clamoribus
819 3019 961 3083 iudicium
986 3018 1111 3093 iaciant,
1130 3022 1182 3102 qui
1201 3021 1285 3082 miris
1308 3019 1430 3083 technis
1454 3026 1486 3082 et
1506 3016 1668 3083 calumniis
1693 3021 1848 3083 veritatem
1873 3021 2001 3081 obruere
2026 3023 2180 3095 conantur,

88 3107 95 3133 ¹
170 3107 229 3169 sed
248 3109 329 3189 quod
347 3110 569 3188 aequissimum
594 3113 661 3179 est,
695 3105 820 3169 audiant
847 3123 905 3169 nos
929 3127 1052 3191 quoque
1081 3114 1112 3170 et
1130 3110 1253 3169 eausam
1282 3113 1376 3169 totam
1406 3112 1603 3188 cognoscant,
1625 3127 1704 3189 quae
1729 3128 1796 3169 cum
1820 3105 1858 3169 ad
1887 3103 2014 3186 gloriam
2043 3104 2111 3176 dei,
2140 3100 2180 3165 ad

168 3192 361 3277 religionem,
380 3202 412 3256 et
428 3194 468 3257 ad
484 3193 616 3256 salutem
634 3195 796 3255 animarum
815 3195 979 3273 pertineat,
996 3195 1108 3257 nemini
1127 3193 1220 3257 debet
1237 3213 1311 3261 esse
1329 3195 1463 3276 ignota«
2189 3268 2193 3274 ,

324 3279 410 3341 Hanc
427 3276 663 3357 Praefatioaem
681 3278 726 3340 ed
743 3279 876 3339 lectores
892 3281 921 3341 in
938 3278 1081 3344 Editione
1098 3280 1234 3361 principe
1252 3281 1452 3361 subsequitur
1468 3280 1537 3360 ipsa
1554 3277 1719 3358 Confessio
1738 3276 1854 3350 lutino,
1873 3298 1963 3359 quam
1980 3296 2061 3339 nunc
2079 3276 2186 3340 denuo

169 3367 291 3437 edimus
308 3387 378 3428 cum
397 3367 489 3427 variis
506 3365 693 3427 lectionibus
709 3384 729 3425 a
749 3364 928 3436 Webero,
946 3363 972 3425 F
980 3374 1251 3428 nerstemanno
1270 3373 1302 3428 et
1317 3387 1336 3428 a
1353 3386 1403 3427 me
1421 3367 1490 3447 ipso
1509 3365 1660 3429 collectis.
2182 3360 2191 3378 ⁹

178 3449 181 3454 ’
325 3451 459 3533 Georg.
480 3448 598 3513 Cotti.
617 3450 807 3512 Weberus
826 3442 954 3514 enimin
973 3455 1117 3537 beningon
1136 3473 1196 3535 pun
1216 3464 1328 3534 gmeeten
1351 3455 1430 3533 lipsii
1455 3453 1503 3517 brt
1525 3456 1673 3531 tttitttdnn
1699 3454 1847 3530 Cetqtrbte
1875 3453 1921 3515 ber
1947 3451 2179 3531 buptputgttrbrn

170 3540 328 3619 Confestim
345 3540 436 3623 priori
452 3536 521 3602 loco
540 3535 592 3599 sol.
613 3536 642 3598 Δ
666 3535 773 3601 2⁸-F
803 3539 835 3599 1¹³
861 3534 1001 3600 exhibuit
1028 3535 1200 3601 Editionem
1231 3539 1364 3602 criticam
1393 3534 1612 3601 Confessionis
1641 3536 1753 3600 latinae
1782 3538 1831 3599 sic
1855 3534 1967 3600 litteris
1996 3532 2177 3613 maiusculis

167 3628 359 3712 inscriptam:

374 3746 540 3824 Consum
558 3742 639 3824 'fidet
662 3743 668 3828 Ι
694 3741 1016 3806 emmeramensis.
1041 3743 1119 3825 Imp.
1146 3744 1264 3807 Corole
1295 3744 1331 3810 7.
1351 3746 1356 3828 Ι
1377 3745 1510 3807 Caeam
1535 3745 1613 3824 dep.
1632 3746 1665 3803 in
1690 3743 1841 3807 Comioiir
1865 3744 1963 3826 Aspr-
1982 3749 1989 3824 Ι
2006 3748 2075 3803 rtee
2092 3760 2178 3805 oeno

415 3829 586 3895 MDXXX.
607 3830 612 3916 Ι
630 3832 719 3893 iacto
737 3837 742 3912 Ι
761 3828 945 3891 sannen
961 3829 1286 3895 Melaaclttbom‘oaom
1311 3836 1316 3912 Ι
1336 3833 1514 3912 principem
1537 3832 1543 3909 Ι
1574 3828 1785 3913 Wittehrrpoe
1807 3848 1891 3896 eaeo
1913 3826 2083 3891 lenm
2109 3828 2115 3908 Ι
2140 3830 2186 3890 ia.

415 3917 829 4087 qppurqopgqqimcqmpaecmma
853 3919 859 4000 Ι
886 3936 951 3977 eom
976 3918 981 4001 Ι
1005 3917 1197 3980 metantibus
1223 3917 1407 3981 nonomen
1424 3922 1430 3994 1
1450 3935 1492 3978 ea
1522 3917 1626 3980 Codri.
1651 3918 1763 3980 Meas
1791 3915 1944 3980 mitens
1975 3916 2151 3996 antiquiore
2168 3914 2184 3998 1-

164 4140 198 4206 la
222 4141 281 4205 bac
302 4140 361 4206 Ed.
387 4149 502 4205 textum
525 4137 680 4202 Editionis
703 4138 970 4202 ltlelanthonienae
987 4142 1133 4223 principis
1152 4144 1235 4204 iuxta
1253 4140 1425 4223 exemplar,
1455 4140 1537 4224 quod
1567 4142 1596 4204 in
1627 4141 1709 4207 tituli
1733 4142 1792 4205 tine
1821 4142 1929 4209 habet:
1965 4140 2177 4229 thteberqoe

163 4226 209 4294 M.
223 4228 267 4292 D.
278 4228 381 4292 XXX.
400 4227 586 4311 (cuiusmodi
604 4228 732 4309 primum
750 4245 849 4307 genus
867 4225 1046 4309 appellavit)
1064 4229 1161 4299 omni,
1179 4249 1240 4311 qua
1258 4229 1320 4289 heri
1338 4229 1454 4308 potuit,
1473 4235 1653 4311 curentque
1670 4226 1923 4313 diligentiatypis
1941 4232 2176 4296 exscribendum

165 4317 296 4387 curavit,
316 4317 408 4396 eique
432 4314 461 4376 in
487 4315 620 4392 margine
644 4313 786 4375 interiore
810 4312 928 4376 addidit
950 4313 1094 4376 lectionis
1117 4317 1293 4378 varietatem
1320 4323 1456 4397 mutnet·
1485 4313 1639 4377 Codicum
1665 4314 1780 4392 Mea,
1805 4316 1927 4379 scilicet
1962 4314 2178 4380 Wiaaen'enats

163 4406 273 4484 (supra
289 4421 319 4483 p.
340 4403 403 4465 223
423 4420 493 4485 sqq.
512 4420 592 4461 ame
611 4400 790 4481 descripti),
811 4398 966 4462 Onotdr'ni
983 4401 1068 4483 (vide
1085 4420 1179 4483 supra
1195 4423 1225 4484 p.
1252 4405 1313 4464 215
1337 4406 1433 4483 sqq),
1452 4400 1643 4462 Deracoa'oni
1659 4407 1703 4480 (v.
1720 4421 1815 4483 supra
1831 4422 1860 4484 p.
1887 4406 1949 4465 215
1967 4409 2032 4483 sq.)
2057 4411 2089 4469 et
2110 4403 2177 4468 No·

163 4485 383 4571 aalma
400 4490 485 4551 iuxta
499 4484 679 4550 Editionem
697 4482 860 4575 l’anaeri
880 4505 974 4570 supra
990 4506 1020 4567 p.
1041 4489 1102 4550 223
1121 4506 1170 4569 sq.
1188 4490 1382 4561 recensitam,
1402 4495 1495 4569 atque
1513 4486 1645 4549 dunecan
1662 4484 1859 4569 Brittium,
1877 4508 1986 4572 nempe
2009 4486 2178 4553 Munati

318 4782 397 4839 atum
413 4787 510 4854 burm,
529 4789 579 4843 init
597 4787 674 4854 auter
690 4789 736 4843 ben
755 4786 968 4856 Certubrmnnen
986 4786 1013 4841 tn
1032 4787 1051 4842 c
1067 4789 1116 4842 unt
1133 4790 1153 4845 b
1172 4785 1271 4854 (aeide
1298 4786 1356 4842 obet
1380 4785 1438 4848 nod
1457 4786 1571 4852 mittent
1590 4789 1634 4843 bet
1659 4784 1755 4845 Credo
1778 4804 1827 4844 nur
1851 4789 1893 4856 tir
1916 4789 1953 4844 ite
1978 4785 2111 4860 Cidtrbt
2134 4798 2177 4848 ber
2221 4780 2225 4785 ’
2299 4820 2306 4830 ·

318 4848 463 4917 annae
482 4855 556 4923 [atet
592 4857 638 4923 ‚tte
657 4855 714 4921 rrtte
733 4856 852 4927 Cottung
870 4856 961 4923 aanor]
994 4868 1185 4926 aurqrmmmrn
1204 4858 1302 4912 aaran
1320 4857 1374 4923 tenu
1393 4858 1508 4927 migra),
1526 4855 1584 4923 aad)
1602 4859 1640 4913 tte
1658 4856 1759 4927 ilatum
1773 4854 1864 4927 Cinea
1883 4859 1926 4912 ber
1943 4857 2042 4925 Iotrtntt
2067 4860 2176 4918 aneon

316 4921 339 4985 ie
352 4918 402 4985 ton
420 4921 554 5055 [epletus
584 4932 677 4985 turne
712 4925 803 4983 ebrudt
821 4924 918 4981 norbert
937 4898 1029 4994 udam,
1047 4927 1105 4980 aber
1123 4926 1175 4981 etue
1199 4926 1280 5021 pnpttr
1302 4924 1420 4994 uutqobe
1442 4930 1484 4981 art
1510 4923 1664 4995 bbtntidpnr
1687 4922 1758 4989 bont
1812 4941 1830 4981 a
1855 4940 1904 4982 uon
1930 4927 1998 4984 tato
2020 4928 2048 4983 tn
2075 4934 2099 4983 4.
2125 4945 2175 4985 eoo

315 4989 710 5132 attentantis.
729 4991 1025 5131 tietantia
1043 4990 1361 5130 andetraant
1375 4992 2175 5134 iactatiactat...denuntiati}

316 5131 465 5194 germanica
484 5131 654 5190 contentane
672 5136 750 5209 butus
766 5135 888 5188 Edtttoots
905 5135 1026 5199 pnunpts
1043 5135 1082 5189 ste
1097 5135 1204 5189 indicat:
1224 5162 1274 5197 ,-
1291 5136 1321 5198 3)
1339 5131 1368 5197 n
1384 5136 1426 5189 ter
1445 5131 1568 5201 paratiadae
1586 5133 1694 5189 tibbturt
1711 5136 1754 5189 are
1772 5132 1895 5199 truttam
1912 5133 2003 5190 uena
2014 5132 2062 5192 ber
2081 5132 2174 5206 nunu

185 5220 220 5305 ‚ss
271 5218 274 5225 ·
314 5192 472 5324 κομί(
489 5198 529 5254 brt
545 5199 683 5327 ”³2¹3
699 5201 782 5273 spere
803 5201 867 5254 rtet
885 5201 1024 5268 utrem
1041 5214 1105 5274 flam
1115 5216 1152 5275 pu
1169 5202 1316 5272 namara,
1336 5201 1478 5277 peteme
1494 5205 1558 5257 mnu
1575 5205 1620 5259 aa
1635 5201 1779 5271 eretriae·
1816 5204 1898 5261 tintus
1915 5206 2001 5261 ludim
2016 5208 2174 5271 ammenta

174 5282 183 5302 r
224 5290 237 5307 ι,
294 5298 297 5303 .
391 5268 614 5336 m·
2227 5278 2237 5292 ⁸
