4642 5594
152 214 199 282 119
393 200 398 207 ’
539 257 540 261 =
586 215 701 282 Piiii.
722 214 827 283 miii.
850 214 1039 283 SCRIPTA
1059 215 1408 286 posnaniensi
1430 217 1703 286 SYlliBOLiCA.
2099 221 2163 291 icc

152 412 228 468 rent
272 403 408 467 Volebat
424 405 519 486 primo
541 401 714 486 Imperator,
736 410 771 466 ut
791 403 844 465 iila
866 406 926 467 sibi
949 407 978 467 in
1000 425 1108 468 manus
1130 407 1308 480 traderetur,
1325 427 1380 489 per
1402 377 1496 470 otium
1515 408 1724 481 examinanda,
1741 414 1837 491 utque
1854 409 2044 491 postmodum
2066 411 2105 472 de
2126 431 2166 474 ea

154 512 222 555 cum
243 490 456 562 Eiectoribus,
475 489 668 573 Principibus
702 498 733 552 et
755 488 947 564 Consiliariis
980 493 1048 553 suis
1082 492 1249 554 deliberare
1288 500 1408 575 posset.
1453 491 1589 556 Tandem
1618 514 1707 566 vero,
1741 502 1776 558 ut
1806 516 1926 557 omnem
1959 499 2164 577 conquerendi

153 597 278 640 causam
301 577 500 659 praecideret,
523 598 655 638 annuere
677 578 782 658 petitis
805 577 950 646 decretis
976 586 1007 640 et
1028 579 1108 640 diem
1131 586 1312 659 sequentem
1330 580 1369 642 iis
1388 581 1567 660 assignavit,
1586 601 1646 661 quo
1669 581 1700 642 in
1719 581 1883 644 coenaculo
1895 581 1998 662 palatii
2009 584 2071 656 sui,
2095 603 2164 646 con·
2263 625 2265 629 ψ

153 666 290 746 gregatis
308 665 477 741 ordinibus,
499 663 650 725 audienda
671 661 778 737 forent,
798 683 877 744 quae
894 664 1074 746 proferenda
1095 665 1251 728 haberent.

309 750 363 811 Sic
381 750 431 811 die
454 750 587 824 Saturni,
610 750 661 829 qui
685 757 750 811 erat
767 753 817 815 25.
839 748 926 823 iunii,
948 749 1073 813 Elector
1094 749 1257 823 Senoniae,
1280 771 1348 812 cnm
1367 748 1454 812 Duce
1476 751 1612 813 Iohanne
1629 751 1804 825 Friderlco,
1828 752 1890 815 filio
1912 773 1981 825 suo,
2005 761 2036 816 et
2054 754 2164 836 reliqui

153 839 288 918 quinque
310 834 469 918 Principes
492 835 715 906 Protestautes,
738 835 909 916 liegatique
931 835 1205 918 Norimbergenses
1227 844 1258 898 et
1275 836 1528 918 Rcutliugenses,
1552 839 1640 900 tertia
1661 846 1733 918 post
1754 841 1909 904 meridiem
1942 840 2031 911 hora,
2062 861 2162 902 coram

152 921 336 1005 Imperatore
353 928 592 1003 comparuerunt,
614 941 720 983 secum
743 921 893 984 babentes
916 919 1153 985 Confessionem
1176 921 1355 984 Germanica
1379 931 1411 985 et
1430 925 1540 985 Latine
1557 925 1717 1006 scriptam,
1740 926 1850 1005 inqua
1872 925 2007 987 articulis
2027 923 2164 989 xxviii

152 1011 394 1087 continebantur,
412 1029 491 1089 quae
513 1009 594 1069 circa
611 1008 701 1068 iidem
724 1015 755 1069 et
778 1007 969 1089 disciplinam
990 1010 1156 1079 crederent,
1179 1009 1291 1072 additis
1314 1010 1561 1082 auctoritatibus,
1584 1012 1697 1090 quibus
1718 1019 1842 1074 asserta
1858 1031 1916 1073 sua
1937 1013 2162 1075 confirmabant.

151 1094 295 1159 Latinum
319 1095 473 1177 exemplar
484 1093 640 1157 Pontanus
659 1113 749 1156 uranu
766 1095 901 1174 gerebat,
919 1095 1131 1157 Germanicum
1143 1094 1338 1157 Christianus
1356 1094 1500 1169 Baierus,
1518 1094 1596 1157 alter
1613 1094 2000 1182 Electorisq'Canceilarius,
2024 1100 2159 1163 tenebat.

151 1180 317 1262 imperator
337 1182 478 1244 Latinum
500 1181 634 1262 praelegi
657 1179 795 1251 volebat3
817 1181 875 1242 sed
897 1201 936 1243 ex
956 1179 1110 1243 Electoris
1132 1189 1203 1243 voto
1223 1181 1434 1242 Gemanicum
1457 1203 1476 1242 a
1497 1181 1608 1243 Baiero
1630 1183 1716 1245 tarda
1737 1190 1770 1246 et
1790 1182 1853 1246 alta
1873 1204 1950 1245 voce
1977 1183 2163 1264 praelectum

151 1278 203 1330 est
225 1289 293 1330 cum
311 1267 480 1330 incredibili
510 1265 749 1328 Protestantium
770 1269 900 1347 gaudio,
929 1270 982 1347 qui
1010 1267 1068 1329 hoc
1098 1267 1177 1330 iacto
1205 1266 1387 1347 triumphum
1414 1269 1569 1330 doctrinae
1596 1289 1674 1329 suae
1703 1269 1810 1349 egisse
1839 1270 1899 1332 sibi
1927 1270 2161 1350 persuadebant.

152 1355 216 1415 Sed
238 1375 307 1415 mox
325 1357 473 1435 apparuit,
496 1374 553 1414 eos
576 1355 698 1432 egregie
722 1351 820 1413 salsos
850 1373 931 1413 esse.
977 1351 1144 1433 Postquam
1168 1355 1248 1414 enim
1269 1374 1289 1414 a
1305 1351 1492 1416 Doctotibus
1517 1350 1686 1417 Catholicis
1714 1358 1883 1418 examinata
1911 1357 2045 1418 luissent
2061 1359 2163 1419 omnia

151 1441 294 1521 dogmata
314 1439 467 1502 haeretica
489 1443 518 1500 in
542 1438 816 1501 bacConfessione
838 1447 991 1512 contenta,
1014 1447 1045 1502 et
1063 1436 1293 1501 coniuratio
1322 1443 1502 1521 composita,
1522 1440 1611 1502 iussu
1633 1437 1826 1522 Imperatoris
1850 1444 1879 1503 d.
1905 1446 1935 1503 3.
1957 1441 2108 1522 Augusti,
2131 1442 2161 1505 in

150 1527 242 1609 pleno
262 1547 415 1588 consessu
436 1524 600 1607 praelecta,
618 1533 650 1587 et
666 1527 781 1605 rogatis
805 1525 977 1598 sententiis,
999 1526 1037 1586 ab
1067 1526 1208 1595 omnibus
1231 1523 1412 1599 Catholicis,
1440 1527 1501 1607 qui'
1520 1523 1733 1589 Protestantes
1763 1548 1889 1589 numero
1917 1527 2009 1608 longe
2037 1548 2162 1610 supera·

150 1615 233 1686 bant,
257 1614 422 1695 approbata
443 1619 542 1691 esset,
565 1631 732 1672 conversus
751 1613 791 1672 ad
807 1609 981 1673 Electorem
999 1613 1150 1677 saxoniae
1173 1619 1205 1673 et
1226 1610 1385 1692 Principes
1403 1614 1508 1675 socios
1530 1610 1694 1694 Imperator
1716 1613 1800 1685 dixit,
1823 1621 1963 1696 oportere
1985 1634 2057 1686 eos,
2082 1634 2161 1696 quae

149 1699 234 1761 lecta
250 1699 393 1775 fuissent,
415 1699 590 1781 approbare,
614 1699 696 1759 sicut
717 1696 807 1774 alios,
831 1705 861 1759 et
879 1696 1033 1777 suffragiis
1052 1697 1256 1760 comitialibus
1279 1698 1399 1759 cedere.
1443 1697 1489 1760 llii
1511 1718 1583 1760 vero
1612 1697 1782 1781 exemplum
1806 1701 1910 1781 scripti
1934 1700 1997 1760 dari
2026 1700 2088 1761 sibi
2109 1720 2161 1783 pe-

151 1787 273 1858 tierunt,
294 1786 375 1866 quod
392 1787 519 1867 primum
537 1803 628 1864 aegre
650 1783 831 1855 admissum,
850 1784 970 1844 tandem
992 1791 1093 1846 tamen
1112 1804 1148 1844 ea
1171 1784 1343 1846 conditione
1362 1804 1545 1846 concessum
1569 1784 1634 1856 luit,
1663 1793 1698 1847 ut
1718 1787 1856 1866 privatim
1881 1784 2046 1867 perlectum
2064 1784 2161 1867 impe-

150 1874 240 1935 ratori
263 1872 432 1943 redderent,
455 1889 556 1950 neque
579 1891 647 1930 curn
670 1868 740 1930 aliis
764 1871 1027 1934 communicarent.
1068 1868 1218 1931 indultum
1236 1869 1295 1930 boc
1314 1869 1384 1943 iniq
1408 1870 1612 1932 conditionem
1633 1878 1733 1933 tamen
1757 1871 1906 1935 adiectam
1923 1872 2002 1933 satis
2018 1871 2160 1935 ferociter

148 1960 329 2029 reiecerunt,
353 1965 384 2019 et
405 1957 625 2036 Landgravius,
646 1976 705 2016 non
724 1957 821 2037 petita
841 1956 940 2027 venia,
962 1955 1106 2036 Augusta
1127 1955 1283 2018 discessit
1514 1950 1517 1956 ⁴

118 2094 123 2099 .
221 2038 224 2043 ’
304 2044 370 2105 Sed
391 2041 551 2123 Principes
569 2038 733 2113 Catholici,
755 2047 917 2122 sperantes
938 2043 1041 2102 reduci
1059 2060 1116 2102 eos
1144 2052 1259 2123 posse,
1284 2043 1311 2102 si
1336 2042 1366 2102 in
1389 2060 1559 2122 congressu
1585 2039 1758 2124 particulari
1787 2061 1855 2104 cum
1882 2042 1922 2103 iis
1948 2049 2098 2125 ageretur,
2120 2044 2159 2106 ab

146 2129 330 2213 imperatore
352 2130 552 2200 obtinuerunt,
575 2135 609 2190 ut
629 2126 748 2208 aliquot
764 2126 876 2189 deiecti
899 2129 996 2189 amice
1014 2147 1081 2189 cum
1104 2128 1143 2189 iis
1161 2127 1341 2189 conterrent.
1385 2124 1464 2189 Cum
1486 2127 1679 2200 Melanthea,
1703 2126 1746 2189 nii
1768 2129 1826 2189 uisi
1855 2130 2044 2192 concordiam
2074 2136 2107 2192 et
2128 2129 2160 2192 h·

147 2237 216 2279 nam
239 2219 508 2279 controversiarum
531 2215 677 2295 cupiens,
700 2215 729 2275 iu
752 2211 927 2294 colloquiis,
946 2233 1026 2294 quae
1048 2213 1098 2273 die
1122 2214 1292 2294 coangusti
1311 2220 1343 2276 et
1358 2214 1562 2294 sequentibus
1585 2214 1695 2276 diebus
1718 2214 1962 2288 instituebantur,
1984 2216 2044 2277 iam
2064 2215 2160 2279 muita

145 2302 304 2386 plerisque
329 2322 368 2363 ex
394 2304 462 2363 suis
485 2322 544 2361 nou
569 2299 721 2381 placentia
742 2300 969 2368 concessisset,
997 2301 1112 2361 vetitus
1136 2306 1201 2371 est,
1231 2320 1270 2361 ue
1297 2299 1376 2362 ultra
1393 2300 1534 2377 cederet3
1557 2307 1649 2380 atque
1676 2301 1719 2363 its
1745 2298 1932 2382 colloquium
1961 2303 2042 2364 circe
2067 2301 2159 2364 hnem

147 2391 282 2471 Augusti
304 2390 422 2449 mensis
443 2389 557 2448 exitum
575 2386 691 2461 habuit,
712 2382 849 2465 nihilque
867 2384 1047 2447 conclusum
1067 2392 1126 2447 est
2149 2406 2155 2414 ·

301 2474 418 2536 Vemrn
440 2472 615 2553 imperator,
638 2492 706 2532 cum
727 2491 829 2550 neque
846 2490 955 2551 preces
977 2490 1077 2550 neque
1095 2473 1255 2552 promissa,
1279 2490 1379 2551 neque
1402 2491 1481 2551 quae
1499 2472 1538 2532 ad
1560 2471 1728 2533 movendos
1749 2471 1823 2534 ilios
1844 2473 1937 2544 serio,
1961 2480 2052 2536 etse
2073 2492 2158 2554 prae·

146 2568 248 2633 sente,
266 2580 476 2642 parmensem
493 2557 704 2639 Septembrem
726 2559 883 2638 proposita
903 2555 1052 2627 inissent,
1081 2558 1243 2638 quicquam
1272 2557 1312 2620 sd
1328 2557 1528 2641 [reducendos
1552 2576 1609 2619 eos
1638 2557 1677 2619 ad
1700 2557 1791 2620 iidem
1814 2556 1978 2621 Ecclesiae
1999 2557 2158 2623 Romanae

147 2647 318 2729 proiecisse
335 2646 462 2716 rideret,
486 2645 636 2705 communi
659 2643 785 2704 aliorum
807 2641 980 2725 Principum
1002 2662 1158 2704 consensu
1175 2642 1331 2705 decretum
1354 2643 1437 2716 fecit,
1460 2651 1492 2707 et
1513 2643 1563 2705 die
1588 2645 1639 2705 22.
1662 2644 1731 2706 eius
1753 2646 1881 2717 mensis,
1900 2643 2037 2707 Eiectori
2059 2644 2159 2708 Saxo·

147 2736 216 2795 aiae
238 2740 270 2795 et
291 2731 537 2794 Protestantibus
560 2730 666 2802 sociis,
690 2748 857 2810 eorumque
878 2728 1029 2810 delegatis
1046 2729 1163 2791 recitari
1186 2729 1280 2791 iussit
1297 2728 1358 2791 hoc
1386 2748 1499 2791 sensu:
1525 2727 1739 2811 imperatorem
1763 2733 1885 2813 tempus
1914 2729 1979 2793 iilis
2001 2731 2161 2814 usquead

147 2820 180 2882 d.
190 2823 239 2882 io.
249 2817 366 2900 Aprilis
380 2822 470 2881 1531.
483 2816 660 2878 concedere.
683 2817 760 2878 iutra
771 2815 854 2895 quod
870 2814 1091 2900 profiterentur,
1113 2834 1184 2877 num
1195 2816 1226 2877 iu
1248 2816 1390 2877 omnibus
1404 2815 1476 2878 fidei
1488 2815 1659 2878 catholicae
1680 2816 1834 2898 capitibus
1853 2818 2027 2880 consentire
2043 2816 2161 2881 veilent

147 2925 216 2969 cum
237 2900 430 2986 Principibus
452 2904 584 2985 aliisque
605 2903 750 2964 membris
771 2898 903 2983 imperii,
925 2903 978 2982 qni
999 2921 1104 2963 eorum
1126 2898 1362 2964 Confessionena
1380 2909 1454 2984 post
1471 2900 1603 2984 diligens
1622 2903 1748 2965 examen
1759 2901 1932 2985 lectamque
1949 2902 2161 2968 refutationem

138 2992 344 3056 ,communiter
361 2992 553 3061 reiecissent,
580 2997 613 3051 et
634 3008 672 3051 au
694 2989 889 3050 renuntiaturi
911 2994 1021 3050 essent
1036 2985 1187 3060 articulis,
1202 2988 1233 3048 in
1256 2988 1369 3069 quibus
1390 2987 1491 3050 adhuc
1512 2988 1729 3071 discreparent,
1747 2990 1830 3051 sicut
1858 2991 1897 3052 ab
1919 2988 1990 3052 aliis
2019 2992 2050 3052 iu
2069 2988 2179 3053 coilo·

146 3080 219 3160 quio
238 3098 275 3140 ea
296 3078 336 3141 de
357 3097 452 3139 causa
469 3076 573 3138 habito
596 3075 799 3138 destitissent
842 3074 950 3136 V'eturi
969 3078 1085 3146 autem,
1109 3094 1149 3135 ne
1175 3075 1253 3136 iutra
1274 3080 1397 3157 tempus
1424 3073 1487 3139 hoc
1514 3074 1663 3138 indultum
1689 3076 1851 3158 quicquam
1882 3077 2076 3147 innovarent,
2104 3097 2161 3139 nec
2282 3118 2286 3125 -

146 3166 230 3247 typis
248 3163 383 3227 mandari
405 3165 622 3244 permitterent,
646 3162 717 3224 fidei
738 3160 902 3223 Ecclesiae
925 3156 1105 3222 CatholIcae
1127 3167 1159 3223 et
1175 3158 1332 3223 Romanae
1355 3163 1545 3224 contrarium.
1588 3159 1700 3244 Neque
1729 3162 1861 3243 permitti
1887 3161 1966 3239 iliis,
1994 3168 2029 3224 ut
2056 3182 2162 3246 quem·

146 3271 251 3332 quam,
273 3249 526 3333 quemadmodum
543 3248 706 3329 bucusque
729 3247 887 3318 iecissent,
906 3245 945 3309 ed
967 3253 1084 3310 sectam
1106 3265 1195 3308 suam
1222 3242 1416 3328 pellicerent,
1447 3267 1548 3329 aeque
1565 3245 1765 3321 Cathoiicos,
1783 3247 1858 3311 iicet
1878 3248 1939 3312 sibi
1965 3247 2119 3322 subditos,
2143 3267 2162 3309 a
2296 3324 2301 3331 Ι

146 3335 244 3401 libero
265 3337 408 3416 antiquae
430 3334 587 3414 religionis
609 3334 752 3395 exercitio
775 3334 805 3394 in
828 3332 995 3394 ditionibus
1012 3334 1081 3393 suis
1102 3338 1248 3404 arcerent,
1270 3338 1323 3395 aut
1344 3329 1531 3397 Sacerdotes
1553 3342 1585 3398 et
1604 3333 1778 3397 Monachos
1805 3335 1836 3397 in
1859 3333 2064 3398 celebratione
2084 3333 2162 3397 iiis·

146 3443 204 3486 sae
222 3428 255 3485 et
273 3420 520 3483 administrandis
537 3439 606 3480 cum
628 3418 725 3482 libera
741 3424 895 3500 potestate
912 3417 1118 3480 Sacramentis
1140 3416 1331 3499 impedirent,
1364 3419 1498 3500 denique
1524 3426 1560 3482 ut
1577 3440 1647 3483 cum
1675 3423 1786 3480 ceteris
1808 3417 2003 3500 Principibus
2030 3439 2160 3482 commu·

146 3510 239 3573 albus
260 3508 375 3570 riribus
397 3507 617 3586 Auahaptistas
639 3512 671 3566 et
691 3504 949 3566 sacramentarios
972 3524 1011 3565 ex
1036 3501 1164 3585 imperio
1186 3506 1427 3567 exterminarent.
1483 3501 1642 3576 Ceterum,
1676 3505 1748 3585 quia
1768 3502 1951 3584 longissimo
1968 3511 2106 3585 tempore
2126 3504 2161 3565 il-

149 3596 257 3659 barum
280 3602 312 3656 et
333 3591 506 3655 uniuersale
526 3587 698 3654 Concilium
720 3611 779 3651 non
798 3590 913 3653 fuisset
933 3589 1080 3664 habiturn,
1102 3588 1189 3652 multi
1210 3596 1310 3653 tamen
1328 3592 1453 3655 abusus.
1469 3592 1499 3652 in
1522 3595 1605 3654 statu
1627 3588 1843 3652 ecclesiastico
1872 3596 1905 3652 et
1928 3589 2054 3672 politico
2075 3609 2160 3673 repe·

147 3684 286 3753 rimatur,
309 3682 361 3761 qui
383 3680 558 3742 necessario
580 3676 749 3758 corrigendi
767 3683 885 3748 esseut,
908 3674 1205 3758 imperatorem,an
1226 3695 1295 3738 cum
1316 3672 1467 3738 Pontibce
1488 3676 1528 3738 de
1548 3677 1673 3757 negotio
1694 3675 1755 3737 hoc
1775 3677 1897 3737 lamiam
1919 3683 2098 3749 umusset,
2122 3695 2162 3739 ex

148 3767 279 3830 oonsilio
300 3765 487 3838 Eiectomm,
509 3763 684 3847 Principum
706 3771 739 3825 et
760 3761 906 3824 0rdiunm
929 3761 1049 3844 hnperii
1065 3762 1262 3837 decrevisse,
1286 3761 1368 3844 apud
1388 3759 1582 3836 Pontificem,
1610 3759 1719 3844 Reges
1738 3768 1770 3824 et
1790 3759 2052 3845 aiios'Pria'clpes
2075 3760 2161 3824 Chri·
2249 3781 2278 3860 ·'

146 3854 266 3917 atisuos
284 3870 405 3934 operam
427 3851 613 3933 impendere,
633 3858 669 3912 ut
689 3848 767 3912 iliud
787 3849 865 3910 intra
884 3868 943 3910 aex
963 3868 1089 3911 menses
1112 3869 1131 3911 a
1151 3848 1210 3911 tine
1229 3845 1426 3912 Comitiorum
1448 3847 1554 3911 horum
1576 3845 1794 3930 imperialium,
1815 3847 1885 3911 ioco
1907 3848 2067 3911 commodo
2085 3849 2161 3911 indi-

148 3946 279 4016 ceretur,
299 3941 377 4001 intra
397 3958 507 3999 annum
528 3944 602 4019 post
618 3937 868 3999 convocationem
890 3935 1074 4000 babendum.
1409 3991 1412 3997 .

303 4023 464 4105 Principes
490 4021 703 4086 Protestantes
727 4022 924 4085 vehementer
955 4021 1015 4086 boc
1047 4022 1171 4085 demeto
1202 4021 1327 4084 minime
1348 4025 1529 4103 exspectato
1550 4021 1655 4097 territi,
1688 4021 1740 4083 die
1761 4022 1904 4104 ”quenti
1924 4019 2162 4103 Apologiam

41 4152 44 4157 -
148 4108 425 4175 confessionis
446 4129 522 4172 suae
544 4129 564 4170 a
584 4106 783 4172 hielantbone
806 4108 1046 4194 compositam')
1067 4106 1243 4190 imperatori
1264 4106 1294 4169 d.
1319 4109 1371 4168 22.
1393 4105 1481 4189 Sept.
1502 4114 1705 4189 porrexemnt
1749 4106 1815 4169 Sed
1837 4126 1905 4171 cunr
1932 4126 2000 4169 eam
2023 4126 2063 4169 ne
2084 4107 2162 4167 acei-

148 4217 222 4282 pere
244 4199 367 4280 quIdem
385 4195 491 4269 veliet,
510 4204 542 4258 et
563 4195 728 4277 significari
744 4195 873 4266 iuberet,
895 4196 924 4257 si
942 4213 1002 4256 non
1024 4195 1157 4258 contenti
1177 4200 1287 4258 meat
1307 4190 1369 4255 hoc
1385 4193 1521 4268 decreto,
1543 4194 1573 4256 11
1591 4213 1654 4275 quo
1671 4192 1748 4256 nibli
1763 4201 1935 4257 mutaturus
1953 4200 2052 4267 esset,
2071 4191 2161 4254 rahe·

147 4285 281 4347 mentius
302 4284 386 4347 aliud
409 4303 448 4346 se
467 4282 531 4345 iilia
550 4282 788 4364 publicaturum:
810 4281 883 4363 ipsi,
906 4281 1094 4345 obfirmamm
1110 4279 1196 4365 iiluna
1217 4281 1248 4343 in
1264 4280 1423 4361 proposito
1441 4299 1501 4342 suo
1522 4279 1673 4354 vitiantes,
1695 4285 1876 4354 statuerunt,
1898 4300 1935 4344 se
1956 4279 2079 4342 demeto
2100 4297 2162 4340 noa

147 4389 227 4433 esse
243 4372 403 4452 patinuos,
424 4368 520 4432 muita
535 4376 635 4431 minen
654 4388 723 4429 cum
740 4366 933 4430 veneratione
949 4364 1142 4450 Imperatoris
1163 4366 1311 4448 dixerunt,
1333 4364 1427 4439 coiis,
1443 4382 1480 4427 se
1498 4386 1568 4429 curn
1584 4366 1614 4428 in
1631 4367 1785 4430 seutenth
1805 4365 1891 4429 illum
1917 4367 2087 4447 persistere
2100 4364 2161 4425 ani

148 4456 382 4530 madmrtereut,
400 4458 430 4518 in
452 4456 513 4518 hoc
533 4456 657 4537 negotio
679 4452 852 4517 molestiam
869 4454 899 4515 ei
920 4453 1053 4538 amplius
1074 4452 1231 4527 exhibere,
1252 4451 1311 4515 sed
1327 4450 1533 4535 providentiae
1555 4450 1675 4515 divinae
1697 4472 1761 4516 rem
1778 4453 1978 4515 committere.
2020 4450 2076 4513 Sic
2096 4468 2163 4534 per·

259 4806 461 4874 ’1111111111
476 4809 590 4875 qnidam
619 4808 681 4862 dun
699 4806 845 4862 (1111111111
874 4807 1043 4870 aibeoiosis
1071 4804 1209 4861 1111111111
1232 4806 1442 4873 praeissebatur,
1466 4805 1606 4871 amedeus
1634 4805 1691 4859 eim
1717 4806 1848 4859 canania
1881 4803 1919 4859 iu
1935 4802 1987 4858 isis
2003 4801 2162 4870 iieiantboa,

304 4891 459 4945 quanquam
477 4879 531 4943 ieri
548 4877 755 4933 &amotionem
773 4878 829 4942 ipse
845 4889 898 4930 uon
915 4875 1067 4940 enumsec,
1085 4875 1288 4938 communicatis,
1305 4878 1334 4929 ut
1350 4875 1377 4928 11
1393 4875 1532 4940 ipoiosiae
1556 4872 1720 4928 insomne
1737 4872 1885 4939 profitetur,
1901 4884 1961 4928 cum
1978 4872 2037 4927 aliis
2053 4872 2163 4928 1111111-

303 4949 345 5013 gis
362 4948 491 5011 masiliis,
508 4960 661 5011 responsum
682 4945 838 5013 composuit,
856 4946 934 5011 ioque
951 4945 1057 4999 caesari
1079 4945 1209 5010 obicum,
1237 4944 1287 4998 sed
1308 4947 1458 4999 remsamm
1483 4941 1540 4998 init
1575 4944 1611 4997 Eo
1636 4944 1725 4997 subm
1746 4941 1835 5008 isirin,
1858 4953 1908 5008 quo
1937 4941 1987 4997 iiia
2004 4941 2159 5008 apotesia

306 5020 438 5082 Amostae
455 5016 550 5080 scriptu
567 5019 632 5074 erat.
649 5015 720 5070 edite
738 5018 858 5080 nonest,
874 5014 923 5069 sed
941 5015 995 5078 taii,
1011 5014 1115 5078 qualem
1132 5013 1280 5068 tietantiaou
1308 5013 1427 5079 sequenti
1452 5012 1524 5067 enno
1543 5012 1617 5068 iiti-
1643 5015 1704 5077 post
1726 5011 1882 5066 musanen
1900 5010 2029 5077 11111111,
2046 5014 2075 5064 ut
2090 5010 2161 5064 iden

304 5088 331 5141 in
348 5087 393 5141 ille
409 5084 572 5150 oneratione
589 5084 680 5150 reiert,
697 5085 827 5150 simulque
843 5083 948 5148 indimt,
965 5082 1172 5138 0111111111·
1189 5083 1274 5148 ipsam
1292 5094 1309 5136 a
1326 5093 1357 5137 se
1373 5085 1466 5148 postea
1481 5083 1566 5138 111111
1589 5093 1660 5148 esse,
1676 5091 1754 5149 quam
1773 5079 1834 5136 dat
1850 5079 1917 5135 adeo
1934 5079 2057 5137 mitiore
2075 5083 2102 5134 et
2117 5090 2163 5132 ce·

305 5156 433 5211 iumnioae
450 5156 627 5220 compostum,
645 5159 673 5208 11
690 5153 785 5209 tallere
803 5153 882 5209 etiem
899 5155 990 5207 cautos
1007 5153 1035 5206 in
1051 5151 1207 5218 quibusdam
1223 5151 1288 5207 iocis
1304 5151 1396 5217 possit
2160 5184 2164 5199 .
