<?xml version="1.0" encoding="UTF-8"?>
<!DOCTYPE html PUBLIC "-//W3C//DTD XHTML 1.0 Transitional//EN"
    "http://www.w3.org/TR/xhtml1/DTD/xhtml1-transitional.dtd">
<html xmlns="http://www.w3.org/1999/xhtml" xml:lang="en" lang="en">
 <head>
  <title>
</title>
<meta http-equiv="Content-Type" content="text/html;charset=utf-8" />
  <meta name='ocr-system' content='tesseract 3.04.00' />
  <meta name='ocr-capabilities' content='ocr_page ocr_carea ocr_par ocr_line ocrx_word'/>
</head>
<body>
  <div class='ocr_page' id='page_1' title='image "./corpusreformato09melagoog_0142.png"; bbox 0 0 4642 5594; ppageno 0'>
   <div class='ocr_carea' id='block_1_1' title="bbox 180 195 2194 349">
    <p class='ocr_par' dir='ltr' id='par_1_1' title="bbox 180 195 2194 349">
     <span class='ocr_line' id='line_1_1' title="bbox 180 195 2194 349; baseline 0.003 -35"><span class='ocrx_word' id='word_1_1' title='bbox 180 243 247 314; x_wconf 81' lang='lat' dir='ltr'><strong>aaa</strong></span> <span class='ocrx_word' id='word_1_2' title='bbox 729 344 732 349; x_wconf 14' lang='grc' dir='ltr'>Ι</span> <span class='ocrx_word' id='word_1_3' title='bbox 761 244 802 315; x_wconf 87' lang='lat' dir='ltr'><strong>u.</strong></span> <span class='ocrx_word' id='word_1_4' title='bbox 846 246 887 313; x_wconf 88' lang='lat' dir='ltr'><strong>a.</strong></span> <span class='ocrx_word' id='word_1_5' title='bbox 931 195 1176 313; x_wconf 76' lang='lat' dir='ltr'><strong>consessio</strong></span> <span class='ocrx_word' id='word_1_6' title='bbox 1197 245 1478 314; x_wconf 74' lang='lat' dir='ltr'><strong>rosnarum</strong></span> <span class='ocrx_word' id='word_1_7' title='bbox 1499 246 1612 315; x_wconf 76' lang='lat' dir='ltr'><strong>usu.</strong></span> <span class='ocrx_word' id='word_1_8' title='bbox 2126 203 2194 321; x_wconf 71' lang='lat' dir='ltr'><strong>ris</strong></span> 
     </span>
    </p>
   </div>
   <div class='ocr_carea' id='block_1_2' title="bbox 181 410 2194 781">
    <p class='ocr_par' dir='ltr' id='par_1_2' title="bbox 181 410 2194 781">
     <span class='ocr_line' id='line_1_2' title="bbox 337 410 2189 522; baseline 0.002 -23"><span class='ocrx_word' id='word_1_9' title='bbox 337 436 391 499; x_wconf 79' lang='lat' dir='ltr'><strong>Ad</strong></span> <span class='ocrx_word' id='word_1_10' title='bbox 408 437 488 498; x_wconf 80' lang='lat' dir='ltr'><strong>hane</strong></span> <span class='ocrx_word' id='word_1_11' title='bbox 508 435 683 499; x_wconf 82' lang='lat' dir='ltr'><strong>Editionem</strong></span> <span class='ocrx_word' id='word_1_12' title='bbox 705 443 847 518; x_wconf 85' lang='lat' dir='ltr'><strong>spectant</strong></span> <span class='ocrx_word' id='word_1_13' title='bbox 866 438 970 508; x_wconf 90' lang='lat' dir='ltr'><strong>verba,</strong></span> <span class='ocrx_word' id='word_1_14' title='bbox 992 456 1009 496; x_wconf 86' lang='lat' dir='ltr'><strong>a</strong></span> <span class='ocrx_word' id='word_1_15' title='bbox 1032 435 1144 516; x_wconf 83' lang='lat' dir='ltr'><strong>quibus</strong></span> <span class='ocrx_word' id='word_1_16' title='bbox 1161 436 1339 500; x_wconf 82' lang='lat' dir='ltr'><strong>Melanthea</strong></span> <span class='ocrx_word' id='word_1_17' title='bbox 1361 410 1578 521; x_wconf 66' lang='lat' dir='ltr'><strong>praefationem</strong></span> <span class='ocrx_word' id='word_1_18' title='bbox 1596 457 1674 501; x_wconf 80' lang='lat' dir='ltr'><strong>snae</strong></span> <span class='ocrx_word' id='word_1_19' title='bbox 1685 436 1743 502; x_wconf 77' lang='lat' dir='ltr'><strong>lid.</strong></span> <span class='ocrx_word' id='word_1_20' title='bbox 1764 440 1911 522; x_wconf 86' lang='lat' dir='ltr'><strong>principia</strong></span> <span class='ocrx_word' id='word_1_21' title='bbox 1929 441 2058 505; x_wconf 90' lang='lat' dir='ltr'><strong>orditur:</strong></span> <span class='ocrx_word' id='word_1_22' title='bbox 2082 440 2189 518; x_wconf 88' lang='lat' dir='ltr'><strong>„llaec</strong></span> 
     </span>
     <span class='ocr_line' id='line_1_3' title="bbox 181 521 2191 608; baseline 0.003 -22"><span class='ocrx_word' id='word_1_23' title='bbox 181 521 337 586; x_wconf 70' lang='lat' dir='ltr'><strong>ammio</strong></span> <span class='ocrx_word' id='word_1_24' title='bbox 357 543 485 605; x_wconf 89' lang='lat' dir='ltr'><strong>prorsus</strong></span> <span class='ocrx_word' id='word_1_25' title='bbox 508 525 716 604; x_wconf 69' lang='lat' dir='ltr'><strong>ignorantibus</strong></span> <span class='ocrx_word' id='word_1_26' title='bbox 734 523 922 605; x_wconf 87' lang='lat' dir='ltr'><strong>principibus</strong></span> <span class='ocrx_word' id='word_1_27' title='bbox 944 524 997 603; x_wconf 87' lang='lat' dir='ltr'><strong>qui</strong></span> <span class='ocrx_word' id='word_1_28' title='bbox 1019 543 1086 585; x_wconf 88' lang='lat' dir='ltr'><strong>eam</strong></span> <span class='ocrx_word' id='word_1_29' title='bbox 1110 521 1235 585; x_wconf 78' lang='lat' dir='ltr'><strong>Caesari</strong></span> <span class='ocrx_word' id='word_1_30' title='bbox 1258 523 1467 601; x_wconf 82' lang='lat' dir='ltr'><strong>exbibuerunt,</strong></span> <span class='ocrx_word' id='word_1_31' title='bbox 1488 525 1528 587; x_wconf 87' lang='lat' dir='ltr'><strong>ab</strong></span> <span class='ocrx_word' id='word_1_32' title='bbox 1546 545 1636 587; x_wconf 87' lang='lat' dir='ltr'><strong>avaro</strong></span> <span class='ocrx_word' id='word_1_33' title='bbox 1658 524 1761 605; x_wconf 82' lang='lat' dir='ltr'><strong>aliquo</strong></span> <span class='ocrx_word' id='word_1_34' title='bbox 1779 525 1986 608; x_wconf 80' lang='lat' dir='ltr'><strong>typographo,</strong></span> <span class='ocrx_word' id='word_1_35' title='bbox 2008 533 2079 590; x_wconf 86' lang='lat' dir='ltr'><strong>ente</strong></span> <span class='ocrx_word' id='word_1_36' title='bbox 2109 528 2191 591; x_wconf 83' lang='lat' dir='ltr'><strong>duos</strong></span> 
     </span>
     <span class='ocr_line' id='line_1_4' title="bbox 182 608 2194 695; baseline 0.003 -22"><span class='ocrx_word' id='word_1_37' title='bbox 182 629 308 673; x_wconf 87' lang='lat' dir='ltr'><strong>menses</strong></span> <span class='ocrx_word' id='word_1_38' title='bbox 329 610 483 692; x_wconf 89' lang='lat' dir='ltr'><strong>publicata</strong></span> <span class='ocrx_word' id='word_1_39' title='bbox 505 617 563 671; x_wconf 85' lang='lat' dir='ltr'><strong>est</strong></span> <span class='ocrx_word' id='word_1_40' title='bbox 608 608 649 671; x_wconf 82' lang='lat' dir='ltr'><strong>Iit</strong></span> <span class='ocrx_word' id='word_1_41' title='bbox 671 611 712 672; x_wconf 87' lang='lat' dir='ltr'><strong>ita</strong></span> <span class='ocrx_word' id='word_1_42' title='bbox 734 629 850 671; x_wconf 86' lang='lat' dir='ltr'><strong>excusa</strong></span> <span class='ocrx_word' id='word_1_43' title='bbox 872 616 931 681; x_wconf 90' lang='lat' dir='ltr'><strong>est,</strong></span> <span class='ocrx_word' id='word_1_44' title='bbox 949 617 984 671; x_wconf 91' lang='lat' dir='ltr'><strong>ut</strong></span> <span class='ocrx_word' id='word_1_45' title='bbox 1006 608 1110 670; x_wconf 89' lang='lat' dir='ltr'><strong>multis</strong></span> <span class='ocrx_word' id='word_1_46' title='bbox 1133 610 1162 669; x_wconf 91' lang='lat' dir='ltr'><strong>in</strong></span> <span class='ocrx_word' id='word_1_47' title='bbox 1185 609 1263 672; x_wconf 88' lang='lat' dir='ltr'><strong>locis</strong></span> <span class='ocrx_word' id='word_1_48' title='bbox 1286 619 1430 692; x_wconf 87' lang='lat' dir='ltr'><strong>appareat</strong></span> <span class='ocrx_word' id='word_1_49' title='bbox 1454 610 1494 672; x_wconf 91' lang='lat' dir='ltr'><strong>de</strong></span> <span class='ocrx_word' id='word_1_50' title='bbox 1512 611 1662 675; x_wconf 83' lang='lat' dir='ltr'><strong>industria</strong></span> <span class='ocrx_word' id='word_1_51' title='bbox 1682 610 1876 695; x_wconf 70' lang='lat' dir='ltr'><strong>depravatam</strong></span> <span class='ocrx_word' id='word_1_52' title='bbox 1906 616 2059 692; x_wconf 77' lang='lat' dir='ltr'><strong>esse.“‘)</strong></span> <span class='ocrx_word' id='word_1_53' title='bbox 2107 613 2194 679; x_wconf 76' lang='lat' dir='ltr'><strong>Ilaec</strong></span> 
     </span>
     <span class='ocr_line' id='line_1_5' title="bbox 182 694 2038 781; baseline 0.001 -21"><span class='ocrx_word' id='word_1_54' title='bbox 182 697 366 779; x_wconf 74' lang='lat' dir='ltr'><strong>depravatio,</strong></span> <span class='ocrx_word' id='word_1_55' title='bbox 388 698 477 758; x_wconf 89' lang='lat' dir='ltr'><strong>cuius</strong></span> <span class='ocrx_word' id='word_1_56' title='bbox 495 697 593 758; x_wconf 89' lang='lat' dir='ltr'><strong>editor</strong></span> <span class='ocrx_word' id='word_1_57' title='bbox 609 697 735 776; x_wconf 88' lang='lat' dir='ltr'><strong>ignotus</strong></span> <span class='ocrx_word' id='word_1_58' title='bbox 754 695 786 760; x_wconf 90' lang='lat' dir='ltr'><strong>b.</strong></span> <span class='ocrx_word' id='word_1_59' title='bbox 804 695 826 757; x_wconf 92' lang='lat' dir='ltr'><strong>I.</strong></span> <span class='ocrx_word' id='word_1_60' title='bbox 849 694 1083 757; x_wconf 84' lang='lat' dir='ltr'><strong>aMelentbone</strong></span> <span class='ocrx_word' id='word_1_61' title='bbox 1105 704 1277 770; x_wconf 86' lang='lat' dir='ltr'><strong>accusatur,</strong></span> <span class='ocrx_word' id='word_1_62' title='bbox 1299 700 1399 761; x_wconf 83' lang='lat' dir='ltr'><strong>rarius</strong></span> <span class='ocrx_word' id='word_1_63' title='bbox 1421 698 1516 760; x_wconf 90' lang='lat' dir='ltr'><strong>babet</strong></span> <span class='ocrx_word' id='word_1_64' title='bbox 1533 718 1646 760; x_wconf 90' lang='lat' dir='ltr'><strong>causas</strong></span> <span class='ocrx_word' id='word_1_65' title='bbox 1667 700 1804 780; x_wconf 85' lang='lat' dir='ltr'><strong>variique</strong></span> <span class='ocrx_word' id='word_1_66' title='bbox 1825 700 1948 781; x_wconf 88' lang='lat' dir='ltr'><strong>generis</strong></span> <span class='ocrx_word' id='word_1_67' title='bbox 1971 706 2038 761; x_wconf 76' lang='lat' dir='ltr'><strong>este</strong></span> 
     </span>
    </p>
   </div>
   <div class='ocr_carea' id='block_1_3' title="bbox 335 831 2193 1520">
    <p class='ocr_par' dir='ltr' id='par_1_3' title="bbox 335 831 2193 1520">
     <span class='ocr_line' id='line_1_6' title="bbox 335 831 2193 919; baseline 0.001 -21"><span class='ocrx_word' id='word_1_68' title='bbox 335 840 364 898; x_wconf 90' lang='lat'><strong>1.</strong></span> <span class='ocrx_word' id='word_1_69' title='bbox 386 833 418 897; x_wconf 94' lang='lat' dir='ltr'><strong>In</strong></span> <span class='ocrx_word' id='word_1_70' title='bbox 441 834 499 896; x_wconf 89' lang='lat' dir='ltr'><strong>hac</strong></span> <span class='ocrx_word' id='word_1_71' title='bbox 520 833 580 897; x_wconf 84' lang='lat' dir='ltr'><strong>Ed.</strong></span> <span class='ocrx_word' id='word_1_72' title='bbox 593 831 762 895; x_wconf 78' lang='lat' dir='ltr'><strong>Confessio</strong></span> <span class='ocrx_word' id='word_1_73' title='bbox 779 835 863 916; x_wconf 81' lang='lat' dir='ltr'><strong>typis</strong></span> <span class='ocrx_word' id='word_1_74' title='bbox 886 836 1039 916; x_wconf 88' lang='lat' dir='ltr'><strong>exscripta</strong></span> <span class='ocrx_word' id='word_1_75' title='bbox 1061 842 1128 906; x_wconf 87' lang='lat' dir='ltr'><strong>est,</strong></span> <span class='ocrx_word' id='word_1_76' title='bbox 1158 836 1207 896; x_wconf 93' lang='lat' dir='ltr'><strong>cui</strong></span> <span class='ocrx_word' id='word_1_77' title='bbox 1229 838 1364 898; x_wconf 89' lang='lat' dir='ltr'><strong>auctoris</strong></span> <span class='ocrx_word' id='word_1_78' title='bbox 1380 856 1485 900; x_wconf 87' lang='lat' dir='ltr'><strong>manus</strong></span> <span class='ocrx_word' id='word_1_79' title='bbox 1504 842 1637 897; x_wconf 80' lang='lat' dir='ltr'><strong>extrema</strong></span> <span class='ocrx_word' id='word_1_80' title='bbox 1654 837 1787 899; x_wconf 91' lang='lat' dir='ltr'><strong>nondum</strong></span> <span class='ocrx_word' id='word_1_81' title='bbox 1804 845 1988 919; x_wconf 81' lang='lat' dir='ltr'><strong>accesserat,</strong></span> <span class='ocrx_word' id='word_1_82' title='bbox 2007 856 2080 918; x_wconf 89' lang='lat' dir='ltr'><strong>ergo</strong></span> <span class='ocrx_word' id='word_1_83' title='bbox 2097 836 2193 900; x_wconf 79' lang='lat' dir='ltr'><strong>forma</strong></span> 
     </span>
     <span class='ocr_line' id='line_1_7' title="bbox 389 918 2192 989; baseline 0.002 -7"><span class='ocrx_word' id='word_1_84' title='bbox 389 923 458 983; x_wconf 88' lang='lat' dir='ltr'><strong>eius</strong></span> <span class='ocrx_word' id='word_1_85' title='bbox 480 920 657 982; x_wconf 88' lang='lat' dir='ltr'><strong>intermedia</strong></span> <span class='ocrx_word' id='word_1_86' title='bbox 685 923 714 982; x_wconf 92' lang='lat' dir='ltr'><strong>iu</strong></span> <span class='ocrx_word' id='word_1_87' title='bbox 737 920 796 982; x_wconf 87' lang='lat' dir='ltr'><strong>Irae</strong></span> <span class='ocrx_word' id='word_1_88' title='bbox 823 919 881 981; x_wconf 88' lang='lat' dir='ltr'><strong>Ed.</strong></span> <span class='ocrx_word' id='word_1_89' title='bbox 906 919 1074 982; x_wconf 80' lang='lat' dir='ltr'><strong>exhibetur.</strong></span> <span class='ocrx_word' id='word_1_90' title='bbox 1120 918 1197 982; x_wconf 87' lang='lat' dir='ltr'><strong>Nam</strong></span> <span class='ocrx_word' id='word_1_91' title='bbox 1228 942 1287 983; x_wconf 92' lang='lat' dir='ltr'><strong>nou</strong></span> <span class='ocrx_word' id='word_1_92' title='bbox 1309 923 1410 985; x_wconf 89' lang='lat' dir='ltr'><strong>solum</strong></span> <span class='ocrx_word' id='word_1_93' title='bbox 1434 922 1605 985; x_wconf 78' lang='lat' dir='ltr'><strong>antitheses</strong></span> <span class='ocrx_word' id='word_1_94' title='bbox 1628 922 1818 985; x_wconf 87' lang='lat' dir='ltr'><strong>articulormu</strong></span> <span class='ocrx_word' id='word_1_95' title='bbox 1840 921 1923 988; x_wconf 87' lang='lat' dir='ltr'><strong>XIII.</strong></span> <span class='ocrx_word' id='word_1_96' title='bbox 1953 931 1985 985; x_wconf 88' lang='lat' dir='ltr'><strong>et</strong></span> <span class='ocrx_word' id='word_1_97' title='bbox 2003 922 2117 989; x_wconf 82' lang='lat' dir='ltr'><strong>XVIII.</strong></span> <span class='ocrx_word' id='word_1_98' title='bbox 2141 924 2192 986; x_wconf 90' lang='lat' dir='ltr'><strong>de·</strong></span> 
     </span>
     <span class='ocr_line' id='line_1_8' title="bbox 387 1005 2193 1090; baseline 0.002 -21"><span class='ocrx_word' id='word_1_99' title='bbox 387 1015 470 1079; x_wconf 87' lang='lat' dir='ltr'><strong>sunt,</strong></span> <span class='ocrx_word' id='word_1_100' title='bbox 492 1008 550 1069; x_wconf 88' lang='lat' dir='ltr'><strong>sed</strong></span> <span class='ocrx_word' id='word_1_101' title='bbox 572 1008 664 1068; x_wconf 91' lang='lat' dir='ltr'><strong>etiam</strong></span> <span class='ocrx_word' id='word_1_102' title='bbox 687 1009 716 1068; x_wconf 93' lang='lat' dir='ltr'><strong>iu</strong></span> <span class='ocrx_word' id='word_1_103' title='bbox 735 1005 861 1068; x_wconf 88' lang='lat' dir='ltr'><strong>articulo</strong></span> <span class='ocrx_word' id='word_1_104' title='bbox 885 1005 924 1067; x_wconf 89' lang='lat' dir='ltr'><strong>de</strong></span> <span class='ocrx_word' id='word_1_105' title='bbox 945 1013 1101 1088; x_wconf 77' lang='lat' dir='ltr'><strong>potestate</strong></span> <span class='ocrx_word' id='word_1_106' title='bbox 1116 1007 1330 1071; x_wconf 84' lang='lat' dir='ltr'><strong>ecclesiastica</strong></span> <span class='ocrx_word' id='word_1_107' title='bbox 1350 1011 1540 1090; x_wconf 85' lang='lat' dir='ltr'><strong>postverba:</strong></span> <span class='ocrx_word' id='word_1_108' title='bbox 1561 1009 1670 1082; x_wconf 85' lang='lat' dir='ltr'><strong>„Ilaec</strong></span> <span class='ocrx_word' id='word_1_109' title='bbox 1691 1010 1808 1071; x_wconf 83' lang='lat' dir='ltr'><strong>interim</strong></span> <span class='ocrx_word' id='word_1_110' title='bbox 1830 1010 1891 1072; x_wconf 89' lang='lat' dir='ltr'><strong>alia</strong></span> <span class='ocrx_word' id='word_1_111' title='bbox 1907 1009 2022 1072; x_wconf 84' lang='lat' dir='ltr'><strong>iunctio</strong></span> <span class='ocrx_word' id='word_1_112' title='bbox 2040 1018 2090 1072; x_wconf 90' lang='lat' dir='ltr'><strong>est</strong></span> <span class='ocrx_word' id='word_1_113' title='bbox 2102 1030 2193 1090; x_wconf 87' lang='lat' dir='ltr'><strong>quam</strong></span> 
     </span>
     <span class='ocr_line' id='line_1_9' title="bbox 387 1091 2192 1178; baseline 0.002 -23"><span class='ocrx_word' id='word_1_114' title='bbox 387 1094 586 1156; x_wconf 88' lang='lat' dir='ltr'><strong>ministerium</strong></span> <span class='ocrx_word' id='word_1_115' title='bbox 597 1091 781 1176; x_wconf 74' lang='lat' dir='ltr'><strong>Euangettj«</strong></span> <span class='ocrx_word' id='word_1_116' title='bbox 807 1093 887 1153; x_wconf 89' lang='lat' dir='ltr'><strong>idem</strong></span> <span class='ocrx_word' id='word_1_117' title='bbox 910 1092 1022 1173; x_wconf 85' lang='lat' dir='ltr'><strong>legitur</strong></span> <span class='ocrx_word' id='word_1_118' title='bbox 1043 1094 1290 1168; x_wconf 86' lang='lat' dir='ltr'><strong>additamentum,</strong></span> <span class='ocrx_word' id='word_1_119' title='bbox 1314 1097 1465 1174; x_wconf 84' lang='lat' dir='ltr'><strong>quodiam</strong></span> <span class='ocrx_word' id='word_1_120' title='bbox 1480 1115 1574 1177; x_wconf 89' lang='lat' dir='ltr'><strong>supra</strong></span> <span class='ocrx_word' id='word_1_121' title='bbox 1595 1117 1624 1177; x_wconf 93' lang='lat' dir='ltr'><strong>p.</strong></span> <span class='ocrx_word' id='word_1_122' title='bbox 1639 1098 1700 1158; x_wconf 77' lang='lat'><strong>215</strong></span> <span class='ocrx_word' id='word_1_123' title='bbox 1713 1116 1763 1176; x_wconf 86' lang='lat' dir='ltr'><strong>sq.</strong></span> <span class='ocrx_word' id='word_1_124' title='bbox 1781 1097 1812 1158; x_wconf 91' lang='lat' dir='ltr'><strong>in</strong></span> <span class='ocrx_word' id='word_1_125' title='bbox 1835 1097 2040 1178; x_wconf 72' lang='lat' dir='ltr'><strong>descriptione</strong></span> <span class='ocrx_word' id='word_1_126' title='bbox 2063 1093 2192 1158; x_wconf 78' lang='lat' dir='ltr'><strong>Codicis</strong></span> 
     </span>
     <span class='ocr_line' id='line_1_10' title="bbox 389 1177 2192 1264; baseline 0.002 -23"><span class='ocrx_word' id='word_1_127' title='bbox 389 1177 534 1242; x_wconf 91' lang='lat' dir='ltr'><strong>0noldini</strong></span> <span class='ocrx_word' id='word_1_128' title='bbox 556 1178 681 1241; x_wconf 89' lang='lat' dir='ltr'><strong>allatum</strong></span> <span class='ocrx_word' id='word_1_129' title='bbox 704 1187 770 1243; x_wconf 80' lang='lat' dir='ltr'><strong>eet:</strong></span> <span class='ocrx_word' id='word_1_130' title='bbox 791 1178 938 1260; x_wconf 72' lang='lat' dir='ltr'><strong>„Smper</strong></span> <span class='ocrx_word' id='word_1_131' title='bbox 960 1187 1061 1241; x_wconf 74' lang='lat' dir='ltr'><strong>auten</strong></span> <span class='ocrx_word' id='word_1_132' title='bbox 1078 1181 1252 1242; x_wconf 72' lang='lat' dir='ltr'><strong>demersat</strong></span> <span class='ocrx_word' id='word_1_133' title='bbox 1269 1184 1371 1244; x_wconf 79' lang='lat' dir='ltr'><strong>nostri</strong></span> <span class='ocrx_word' id='word_1_134' title='bbox 1395 1220 1433 1231; x_wconf 91' lang='lat'><em>-</em></span> <span class='ocrx_word' id='word_1_135' title='bbox 1454 1220 1492 1230; x_wconf 98' lang='lat'><em>-</em></span> <span class='ocrx_word' id='word_1_136' title='bbox 1512 1183 1634 1264; x_wconf 72' lang='lat' dir='ltr'><strong>utrique</strong></span> <span class='ocrx_word' id='word_1_137' title='bbox 1651 1183 1701 1243; x_wconf 87' lang='lat' dir='ltr'><strong>rei</strong></span> <span class='ocrx_word' id='word_1_138' title='bbox 1715 1184 1842 1264; x_wconf 83' lang='lat' dir='ltr'><strong>puriter</strong></span> <span class='ocrx_word' id='word_1_139' title='bbox 1863 1184 2012 1244; x_wconf 72' lang='lat' dir='ltr'><strong>seruire«</strong></span> <span class='ocrx_word' id='word_1_140' title='bbox 2025 1183 2079 1261; x_wconf 64' lang='lat'><strong>⁰⁶)</strong></span> <span class='ocrx_word' id='word_1_141' title='bbox 2113 1182 2192 1244; x_wconf 78' lang='lat' dir='ltr'><strong>Cum</strong></span> 
     </span>
     <span class='ocr_line' id='line_1_11' title="bbox 387 1264 2191 1351; baseline 0.002 -24"><span class='ocrx_word' id='word_1_142' title='bbox 387 1264 447 1327; x_wconf 78' lang='lat' dir='ltr'><strong>doc</strong></span> <span class='ocrx_word' id='word_1_143' title='bbox 469 1264 590 1328; x_wconf 81' lang='lat' dir='ltr'><strong>Codice</strong></span> <span class='ocrx_word' id='word_1_144' title='bbox 618 1265 695 1328; x_wconf 86' lang='lat' dir='ltr'><strong>baec</strong></span> <span class='ocrx_word' id='word_1_145' title='bbox 716 1266 777 1329; x_wconf 85' lang='lat' dir='ltr'><strong>lid.</strong></span> <span class='ocrx_word' id='word_1_146' title='bbox 800 1285 859 1327; x_wconf 90' lang='lat' dir='ltr'><strong>non</strong></span> <span class='ocrx_word' id='word_1_147' title='bbox 882 1264 982 1328; x_wconf 89' lang='lat' dir='ltr'><strong>solum</strong></span> <span class='ocrx_word' id='word_1_148' title='bbox 1005 1269 1034 1327; x_wconf 91' lang='lat' dir='ltr'><strong>iu</strong></span> <span class='ocrx_word' id='word_1_149' title='bbox 1057 1265 1116 1328; x_wconf 89' lang='lat' dir='ltr'><strong>bac</strong></span> <span class='ocrx_word' id='word_1_150' title='bbox 1137 1275 1265 1348; x_wconf 85' lang='lat' dir='ltr'><strong>utraque</strong></span> <span class='ocrx_word' id='word_1_151' title='bbox 1286 1289 1320 1330; x_wconf 92' lang='lat' dir='ltr'><strong>re</strong></span> <span class='ocrx_word' id='word_1_152' title='bbox 1342 1269 1509 1346; x_wconf 84' lang='lat' dir='ltr'><strong>consentit,</strong></span> <span class='ocrx_word' id='word_1_153' title='bbox 1542 1268 1709 1331; x_wconf 84' lang='lat' dir='ltr'><strong>sedetiam</strong></span> <span class='ocrx_word' id='word_1_154' title='bbox 1736 1270 1766 1331; x_wconf 91' lang='lat' dir='ltr'><strong>in</strong></span> <span class='ocrx_word' id='word_1_155' title='bbox 1789 1290 1838 1342; x_wconf 92' lang='lat' dir='ltr'><strong>eo,</strong></span> <span class='ocrx_word' id='word_1_156' title='bbox 1861 1267 1943 1351; x_wconf 87' lang='lat' dir='ltr'><strong>quod</strong></span> <span class='ocrx_word' id='word_1_157' title='bbox 1965 1269 2079 1331; x_wconf 79' lang='lat' dir='ltr'><strong>formae</strong></span> <span class='ocrx_word' id='word_1_158' title='bbox 2104 1271 2191 1331; x_wconf 89' lang='lat' dir='ltr'><strong>iuter·</strong></span> 
     </span>
     <span class='ocr_line' id='line_1_12' title="bbox 387 1351 2192 1437; baseline 0.001 -23"><span class='ocrx_word' id='word_1_159' title='bbox 387 1353 508 1414; x_wconf 89' lang='lat' dir='ltr'><strong>mediae</strong></span> <span class='ocrx_word' id='word_1_160' title='bbox 529 1351 732 1414; x_wconf 81' lang='lat' dir='ltr'><strong>Articulorum</strong></span> <span class='ocrx_word' id='word_1_161' title='bbox 753 1353 888 1433; x_wconf 85' lang='lat' dir='ltr'><strong>praelixa</strong></span> <span class='ocrx_word' id='word_1_162' title='bbox 905 1360 956 1415; x_wconf 91' lang='lat' dir='ltr'><strong>est</strong></span> <span class='ocrx_word' id='word_1_163' title='bbox 972 1352 1119 1434; x_wconf 75' lang='lat' dir='ltr'><strong>praefatio</strong></span> <span class='ocrx_word' id='word_1_164' title='bbox 1142 1355 1267 1434; x_wconf 66' lang='lat' dir='ltr'><strong>Integre.</strong></span> <span class='ocrx_word' id='word_1_165' title='bbox 1312 1353 1444 1417; x_wconf 80' lang='lat' dir='ltr'><strong>Nomina</strong></span> <span class='ocrx_word' id='word_1_166' title='bbox 1464 1355 1494 1416; x_wconf 86' lang='lat' dir='ltr'><strong>ia</strong></span> <span class='ocrx_word' id='word_1_167' title='bbox 1518 1355 1578 1416; x_wconf 85' lang='lat' dir='ltr'><strong>tine</strong></span> <span class='ocrx_word' id='word_1_168' title='bbox 1595 1355 1771 1436; x_wconf 84' lang='lat' dir='ltr'><strong>subscripta</strong></span> <span class='ocrx_word' id='word_1_169' title='bbox 1792 1356 1830 1418; x_wconf 86' lang='lat' dir='ltr'><strong>ab</strong></span> <span class='ocrx_word' id='word_1_170' title='bbox 1852 1354 1947 1418; x_wconf 82' lang='lat' dir='ltr'><strong>lidiit.</strong></span> <span class='ocrx_word' id='word_1_171' title='bbox 1972 1354 2118 1418; x_wconf 82' lang='lat' dir='ltr'><strong>Melantlr.</strong></span> <span class='ocrx_word' id='word_1_172' title='bbox 2141 1373 2192 1437; x_wconf 88' lang='lat' dir='ltr'><strong>pa·</strong></span> 
     </span>
     <span class='ocr_line' id='line_1_13' title="bbox 389 1437 1189 1520; baseline -0.001 -19"><span class='ocrx_word' id='word_1_173' title='bbox 389 1461 453 1501; x_wconf 88' lang='lat' dir='ltr'><strong>mm</strong></span> <span class='ocrx_word' id='word_1_174' title='bbox 474 1438 629 1512; x_wconf 76' lang='lat' dir='ltr'><strong>differunt3</strong></span> <span class='ocrx_word' id='word_1_175' title='bbox 647 1440 696 1500; x_wconf 86' lang='lat' dir='ltr'><strong>sic</strong></span> <span class='ocrx_word' id='word_1_176' title='bbox 717 1440 796 1499; x_wconf 90' lang='lat' dir='ltr'><strong>enim</strong></span> <span class='ocrx_word' id='word_1_177' title='bbox 820 1441 849 1500; x_wconf 92' lang='lat' dir='ltr'><strong>iu</strong></span> <span class='ocrx_word' id='word_1_178' title='bbox 872 1437 930 1500; x_wconf 88' lang='lat' dir='ltr'><strong>bac</strong></span> <span class='ocrx_word' id='word_1_179' title='bbox 952 1437 1010 1502; x_wconf 84' lang='lat' dir='ltr'><strong>Ed</strong></span> <span class='ocrx_word' id='word_1_180' title='bbox 1032 1438 1189 1520; x_wconf 84' lang='lat' dir='ltr'><strong>leguntur:</strong></span> 
     </span>
    </p>
   </div>
   <div class='ocr_carea' id='block_1_4' title="bbox 596 1600 1483 1820">
    <p class='ocr_par' dir='ltr' id='par_1_4' title="bbox 596 1600 1483 1820">
     <span class='ocr_line' id='line_1_14' title="bbox 596 1600 978 1667; baseline 0.01 -4"><span class='ocrx_word' id='word_1_181' title='bbox 596 1600 771 1664; x_wconf 78' lang='lat' dir='ltr'><strong>Caesareae</strong></span> <span class='ocrx_word' id='word_1_182' title='bbox 787 1602 915 1665; x_wconf 80' lang='lat' dir='ltr'><strong>Moieei.</strong></span> <span class='ocrx_word' id='word_1_183' title='bbox 943 1601 978 1667; x_wconf 79' lang='lat' dir='ltr'><strong>V.</strong></span> 
     </span>
     <span class='ocr_line' id='line_1_15' title="bbox 1157 1740 1483 1820; baseline 0.003 -19"><span class='ocrx_word' id='word_1_184' title='bbox 1157 1740 1282 1802; x_wconf 70' lang='lat' dir='ltr'><strong>lidrico</strong></span> <span class='ocrx_word' id='word_1_185' title='bbox 1304 1741 1334 1819; x_wconf 65' lang='lat' dir='ltr'><strong>d·</strong></span> <span class='ocrx_word' id='word_1_186' title='bbox 1354 1741 1483 1820; x_wconf 74' lang='lat' dir='ltr'><strong>sudditi,</strong></span> 
     </span>
    </p>
   </div>
   <div class='ocr_carea' id='block_1_5' title="bbox 887 1874 1555 2130">
    <p class='ocr_par' dir='ltr' id='par_1_5' title="bbox 887 1874 1555 2130">
     <span class='ocr_line' id='line_1_16' title="bbox 887 1874 1455 1951; baseline 0.011 -15"><span class='ocrx_word' id='word_1_187' title='bbox 887 1874 1025 1938; x_wconf 75' lang='lat' dir='ltr'><strong>locantes</strong></span> <span class='ocrx_word' id='word_1_188' title='bbox 1046 1875 1116 1939; x_wconf 77' lang='lat' dir='ltr'><strong>dus</strong></span> <span class='ocrx_word' id='word_1_189' title='bbox 1131 1875 1297 1939; x_wconf 74' lang='lat' dir='ltr'><strong>Soxonine</strong></span> <span class='ocrx_word' id='word_1_190' title='bbox 1317 1875 1455 1951; x_wconf 77' lang='lat' dir='ltr'><strong>Elector.</strong></span> 
     </span>
     <span class='ocr_line' id='line_1_17' title="bbox 891 1960 1555 2047; baseline 0.008 -25"><span class='ocrx_word' id='word_1_191' title='bbox 891 1960 1047 2043; x_wconf 67' lang='lat' dir='ltr'><strong>Georgius</strong></span> <span class='ocrx_word' id='word_1_192' title='bbox 1068 1961 1212 2025; x_wconf 79' lang='lat' dir='ltr'><strong>Mor-cirin</strong></span> <span class='ocrx_word' id='word_1_193' title='bbox 1230 1962 1555 2047; x_wconf 76' lang='lat' dir='ltr'><strong>Braadendurpeneir.</strong></span> 
     </span>
     <span class='ocr_line' id='line_1_18' title="bbox 889 2046 1274 2130; baseline 0.008 -22"><span class='ocrx_word' id='word_1_194' title='bbox 889 2047 1042 2109; x_wconf 59' lang='lat' dir='ltr'><strong>&amp;nerim</strong></span> <span class='ocrx_word' id='word_1_195' title='bbox 1059 2049 1080 2108; x_wconf 82' lang='lat' dir='ltr'><strong>d</strong></span> <span class='ocrx_word' id='word_1_196' title='bbox 1096 2046 1274 2130; x_wconf 77' lang='lat' dir='ltr'><strong>Lomebrrrp.</strong></span> 
     </span>
    </p>
   </div>
   <div class='ocr_carea' id='block_1_6' title="bbox 887 2132 1502 2475">
    <p class='ocr_par' dir='ltr' id='par_1_6' title="bbox 887 2132 1502 2475">
     <span class='ocr_line' id='line_1_19' title="bbox 887 2132 1462 2220; baseline 0.009 -26"><span class='ocrx_word' id='word_1_197' title='bbox 887 2132 1060 2215; x_wconf 77' lang='lat' dir='ltr'><strong>Phiiippus</strong></span> <span class='ocrx_word' id='word_1_198' title='bbox 1076 2133 1145 2196; x_wconf 75' lang='lat' dir='ltr'><strong>drea</strong></span> <span class='ocrx_word' id='word_1_199' title='bbox 1164 2134 1333 2198; x_wconf 78' lang='lat' dir='ltr'><strong>Ostiorum.</strong></span> <span class='ocrx_word' id='word_1_200' title='bbox 1457 2212 1462 2220; x_wconf 27' lang='grc' dir='ltr'>Ι</span> 
     </span>
     <span class='ocr_line' id='line_1_20' title="bbox 887 2220 1502 2285; baseline 0.007 -5"><span class='ocrx_word' id='word_1_201' title='bbox 887 2220 1022 2281; x_wconf 80' lang='lat' dir='ltr'><strong>Ioormes</strong></span> <span class='ocrx_word' id='word_1_202' title='bbox 1041 2220 1227 2284; x_wconf 79' lang='lat' dir='ltr'><strong>Fridericar</strong></span> <span class='ocrx_word' id='word_1_203' title='bbox 1244 2221 1313 2284; x_wconf 76' lang='lat' dir='ltr'><strong>doce</strong></span> <span class='ocrx_word' id='word_1_204' title='bbox 1328 2221 1502 2285; x_wconf 75' lang='lat' dir='ltr'><strong>Sosorriue.</strong></span> 
     </span>
     <span class='ocr_line' id='line_1_21' title="bbox 888 2306 1442 2390; baseline 0.009 -23"><span class='ocrx_word' id='word_1_205' title='bbox 888 2306 1076 2369; x_wconf 73' lang='lat' dir='ltr'><strong>ilorciecrre</strong></span> <span class='ocrx_word' id='word_1_206' title='bbox 1093 2306 1163 2369; x_wconf 72' lang='lat' dir='ltr'><strong>doce</strong></span> <span class='ocrx_word' id='word_1_207' title='bbox 1183 2306 1442 2390; x_wconf 60' lang='lat' dir='ltr'><strong>marmoreis.</strong></span> 
     </span>
     <span class='ocr_line' id='line_1_22' title="bbox 893 2391 1479 2475; baseline 0.01 -22"><span class='ocrx_word' id='word_1_208' title='bbox 893 2391 1089 2474; x_wconf 53' lang='lat' dir='ltr'><strong>Volpjoorryrrs</strong></span> <span class='ocrx_word' id='word_1_209' title='bbox 1108 2393 1267 2475; x_wconf 79' lang='lat' dir='ltr'><strong>Princeps</strong></span> <span class='ocrx_word' id='word_1_210' title='bbox 1288 2394 1327 2456; x_wconf 81' lang='lat' dir='ltr'><strong>od</strong></span> <span class='ocrx_word' id='word_1_211' title='bbox 1349 2394 1479 2460; x_wconf 66' lang='lat' dir='ltr'><strong>Anium</strong></span> 
     </span>
    </p>
   </div>
   <div class='ocr_carea' id='block_1_7' title="bbox 885 2477 1572 2649">
    <p class='ocr_par' dir='ltr' id='par_1_7' title="bbox 885 2477 1572 2649">
     <span class='ocr_line' id='line_1_23' title="bbox 885 2477 1572 2566; baseline 0.01 -27"><span class='ocrx_word' id='word_1_212' title='bbox 885 2477 1019 2541; x_wconf 74' lang='lat' dir='ltr'><strong>Serrotm</strong></span> <span class='ocrx_word' id='word_1_213' title='bbox 1029 2480 1297 2565; x_wconf 72' lang='lat' dir='ltr'><strong>Magistrotarrpus</strong></span> <span class='ocrx_word' id='word_1_214' title='bbox 1314 2481 1572 2566; x_wconf 74' lang='lat' dir='ltr'><strong>Numderpenoio.</strong></span> 
     </span>
     <span class='ocr_line' id='line_1_24' title="bbox 885 2564 1281 2649; baseline 0.005 -23"><span class='ocrx_word' id='word_1_215' title='bbox 885 2564 1021 2627; x_wconf 68' lang='lat' dir='ltr'><strong>&amp;tantm</strong></span> <span class='ocrx_word' id='word_1_216' title='bbox 1038 2564 1281 2649; x_wconf 76' lang='lat' dir='ltr'><strong>Reatiinpenrie.</strong></span> 
     </span>
    </p>
   </div>
   <div class='ocr_carea' id='block_1_8' title="bbox 332 2704 2296 3402">
    <p class='ocr_par' dir='ltr' id='par_1_8' title="bbox 332 2704 2296 3234">
     <span class='ocr_line' id='line_1_25' title="bbox 332 2704 2190 2796; baseline 0.003 -24"><span class='ocrx_word' id='word_1_217' title='bbox 332 2710 361 2772; x_wconf 76' lang='lat'><strong>2.</strong></span> <span class='ocrx_word' id='word_1_218' title='bbox 383 2704 514 2771; x_wconf 77' lang='lat' dir='ltr'><strong>Ceterae</strong></span> <span class='ocrx_word' id='word_1_219' title='bbox 524 2715 625 2770; x_wconf 89' lang='lat' dir='ltr'><strong>autem</strong></span> <span class='ocrx_word' id='word_1_220' title='bbox 642 2707 810 2790; x_wconf 85' lang='lat' dir='ltr'><strong>permultae</strong></span> <span class='ocrx_word' id='word_1_221' title='bbox 820 2712 923 2774; x_wconf 87' lang='lat' dir='ltr'><strong>variae</strong></span> <span class='ocrx_word' id='word_1_222' title='bbox 938 2711 1100 2787; x_wconf 84' lang='lat' dir='ltr'><strong>lectioues,</strong></span> <span class='ocrx_word' id='word_1_223' title='bbox 1123 2713 1236 2796; x_wconf 87' lang='lat' dir='ltr'><strong>quibus</strong></span> <span class='ocrx_word' id='word_1_224' title='bbox 1254 2714 1400 2779; x_wconf 78' lang='lat' dir='ltr'><strong>bseclld.</strong></span> <span class='ocrx_word' id='word_1_225' title='bbox 1414 2717 1454 2779; x_wconf 87' lang='lat' dir='ltr'><strong>ab</strong></span> <span class='ocrx_word' id='word_1_226' title='bbox 1471 2714 1531 2780; x_wconf 82' lang='lat' dir='ltr'><strong>lid.</strong></span> <span class='ocrx_word' id='word_1_227' title='bbox 1546 2723 1575 2782; x_wconf 92' lang='lat'><strong>1.</strong></span> <span class='ocrx_word' id='word_1_228' title='bbox 1585 2717 1662 2782; x_wconf 81' lang='lat' dir='ltr'><strong>Mel.</strong></span> <span class='ocrx_word' id='word_1_229' title='bbox 1674 2716 1784 2791; x_wconf 74' lang='lat' dir='ltr'><strong>ddert,</strong></span> <span class='ocrx_word' id='word_1_230' title='bbox 1796 2721 1883 2780; x_wconf 89' lang='lat' dir='ltr'><strong>ortae</strong></span> <span class='ocrx_word' id='word_1_231' title='bbox 1894 2720 1968 2777; x_wconf 89' lang='lat' dir='ltr'><strong>sunt</strong></span> <span class='ocrx_word' id='word_1_232' title='bbox 1978 2733 2019 2776; x_wconf 83' lang='lat' dir='ltr'><strong>ex</strong></span> <span class='ocrx_word' id='word_1_233' title='bbox 2030 2713 2146 2776; x_wconf 88' lang='lat' dir='ltr'><strong>incuria</strong></span> <span class='ocrx_word' id='word_1_234' title='bbox 2156 2720 2190 2778; x_wconf 89' lang='lat' dir='ltr'><strong>et</strong></span> 
     </span>
     <span class='ocr_line' id='line_1_26' title="bbox 387 2795 2192 2883; baseline 0.003 -26"><span class='ocrx_word' id='word_1_235' title='bbox 387 2796 508 2883; x_wconf 74' lang='lat' dir='ltr'><strong>inscitia</strong></span> <span class='ocrx_word' id='word_1_236' title='bbox 519 2795 655 2869; x_wconf 86' lang='lat' dir='ltr'><strong>editoris,</strong></span> <span class='ocrx_word' id='word_1_237' title='bbox 677 2798 731 2878; x_wconf 82' lang='lat' dir='ltr'><strong>qui</strong></span> <span class='ocrx_word' id='word_1_238' title='bbox 749 2795 863 2861; x_wconf 88' lang='lat' dir='ltr'><strong>latinae</strong></span> <span class='ocrx_word' id='word_1_239' title='bbox 880 2798 1001 2881; x_wconf 88' lang='lat' dir='ltr'><strong>liuguae</strong></span> <span class='ocrx_word' id='word_1_240' title='bbox 1019 2803 1141 2882; x_wconf 86' lang='lat' dir='ltr'><strong>ignarus</strong></span> <span class='ocrx_word' id='word_1_241' title='bbox 1154 2800 1254 2865; x_wconf 80' lang='lat' dir='ltr'><strong>luisse</strong></span> <span class='ocrx_word' id='word_1_242' title='bbox 1271 2803 1399 2877; x_wconf 88' lang='lat' dir='ltr'><strong>ridetur,</strong></span> <span class='ocrx_word' id='word_1_243' title='bbox 1423 2810 1455 2866; x_wconf 92' lang='lat' dir='ltr'><strong>et</strong></span> <span class='ocrx_word' id='word_1_244' title='bbox 1466 2803 1609 2867; x_wconf 79' lang='lat' dir='ltr'><strong>fortassis</strong></span> <span class='ocrx_word' id='word_1_245' title='bbox 1621 2805 1712 2868; x_wconf 89' lang='lat' dir='ltr'><strong>etiam</strong></span> <span class='ocrx_word' id='word_1_246' title='bbox 1724 2800 1842 2867; x_wconf 82' lang='lat' dir='ltr'><strong>Codice</strong></span> <span class='ocrx_word' id='word_1_247' title='bbox 1858 2820 1918 2864; x_wconf 89' lang='lat' dir='ltr'><strong>nou</strong></span> <span class='ocrx_word' id='word_1_248' title='bbox 1939 2800 2192 2883; x_wconf 88' lang='lat' dir='ltr'><strong>satisperspicuo</strong></span> 
     </span>
     <span class='ocr_line' id='line_1_27' title="bbox 384 2879 2296 2973; baseline 0.002 -28"><span class='ocrx_word' id='word_1_249' title='bbox 384 2901 463 2946; x_wconf 86' lang='lat' dir='ltr'><strong>usus</strong></span> <span class='ocrx_word' id='word_1_250' title='bbox 485 2887 545 2946; x_wconf 89' lang='lat' dir='ltr'><strong>est.</strong></span> <span class='ocrx_word' id='word_1_251' title='bbox 586 2879 750 2946; x_wconf 82' lang='lat' dir='ltr'><strong>Eiusmodi</strong></span> <span class='ocrx_word' id='word_1_252' title='bbox 772 2893 870 2949; x_wconf 84' lang='lat' dir='ltr'><strong>errata</strong></span> <span class='ocrx_word' id='word_1_253' title='bbox 890 2893 977 2949; x_wconf 85' lang='lat' dir='ltr'><strong>suat:</strong></span> <span class='ocrx_word' id='word_1_254' title='bbox 999 2884 1121 2949; x_wconf 86' lang='lat' dir='ltr'><strong>Deinde</strong></span> <span class='ocrx_word' id='word_1_255' title='bbox 1138 2894 1170 2951; x_wconf 87' lang='lat' dir='ltr'><strong>et</strong></span> <span class='ocrx_word' id='word_1_256' title='bbox 1192 2887 1232 2951; x_wconf 92' lang='lat' dir='ltr'><strong>de</strong></span> <span class='ocrx_word' id='word_1_257' title='bbox 1253 2888 1515 2970; x_wconf 73' lang='lat' dir='ltr'><strong>dispositionibus</strong></span> <span class='ocrx_word' id='word_1_258' title='bbox 1531 2891 1604 2973; x_wconf 81' lang='lat' dir='ltr'><strong>(Ed.</strong></span> <span class='ocrx_word' id='word_1_259' title='bbox 1619 2898 1649 2956; x_wconf 88' lang='lat'><strong>1.</strong></span> <span class='ocrx_word' id='word_1_260' title='bbox 1670 2889 1745 2953; x_wconf 82' lang='lat' dir='ltr'><strong>Mel</strong></span> <span class='ocrx_word' id='word_1_261' title='bbox 1768 2890 1821 2953; x_wconf 83' lang='lat' dir='ltr'><strong>iol.</strong></span> <span class='ocrx_word' id='word_1_262' title='bbox 1837 2889 1903 2951; x_wconf 78' lang='lat' dir='ltr'><strong>Aa·</strong></span> <span class='ocrx_word' id='word_1_263' title='bbox 1923 2886 1977 2951; x_wconf 88' lang='lat' dir='ltr'><strong>liu.</strong></span> <span class='ocrx_word' id='word_1_264' title='bbox 1995 2888 2044 2950; x_wconf 77' lang='lat'><strong>12.</strong></span> <span class='ocrx_word' id='word_1_265' title='bbox 2067 2883 2191 2948; x_wconf 86' lang='lat' dir='ltr'><strong>Deinde</strong></span> <span class='ocrx_word' id='word_1_266' title='bbox 2288 2886 2296 2899; x_wconf 74' lang='grc'><strong>“</strong></span> 
     </span>
     <span class='ocr_line' id='line_1_28' title="bbox 385 2968 2192 3056; baseline 0.001 -22"><span class='ocrx_word' id='word_1_267' title='bbox 385 2977 417 3034; x_wconf 92' lang='lat' dir='ltr'><strong>et</strong></span> <span class='ocrx_word' id='word_1_268' title='bbox 439 2970 479 3033; x_wconf 95' lang='lat' dir='ltr'><strong>de</strong></span> <span class='ocrx_word' id='word_1_269' title='bbox 501 2968 771 3052; x_wconf 65' lang='lat' dir='ltr'><strong>diermmddau),</strong></span> <span class='ocrx_word' id='word_1_270' title='bbox 794 2973 922 3038; x_wconf 83' lang='lat' dir='ltr'><strong>Elector</strong></span> <span class='ocrx_word' id='word_1_271' title='bbox 944 2981 977 3038; x_wconf 89' lang='lat' dir='ltr'><strong>et</strong></span> <span class='ocrx_word' id='word_1_272' title='bbox 997 2972 1153 3056; x_wconf 77' lang='lat' dir='ltr'><strong>Princeps</strong></span> <span class='ocrx_word' id='word_1_273' title='bbox 1173 2972 1247 3056; x_wconf 83' lang='lat' dir='ltr'><strong>(Ed.</strong></span> <span class='ocrx_word' id='word_1_274' title='bbox 1263 2981 1289 3043; x_wconf 88' lang='lat'><strong>1.</strong></span> <span class='ocrx_word' id='word_1_275' title='bbox 1307 2975 1383 3043; x_wconf 81' lang='lat' dir='ltr'><strong>Mel.</strong></span> <span class='ocrx_word' id='word_1_276' title='bbox 1408 2977 1483 3040; x_wconf 86' lang='lat' dir='ltr'><strong>ibid.</strong></span> <span class='ocrx_word' id='word_1_277' title='bbox 1504 2976 1557 3040; x_wconf 91' lang='lat' dir='ltr'><strong>liu.</strong></span> <span class='ocrx_word' id='word_1_278' title='bbox 1571 2978 1620 3042; x_wconf 77' lang='lat'><strong>12.</strong></span> <span class='ocrx_word' id='word_1_279' title='bbox 1642 2974 1768 3040; x_wconf 78' lang='lat' dir='ltr'><strong>Elector</strong></span> <span class='ocrx_word' id='word_1_280' title='bbox 1790 2982 1823 3039; x_wconf 92' lang='lat' dir='ltr'><strong>et</strong></span> <span class='ocrx_word' id='word_1_281' title='bbox 1842 2973 2037 3055; x_wconf 73' lang='lat' dir='ltr'><strong>Principes),</strong></span> <span class='ocrx_word' id='word_1_282' title='bbox 2059 2968 2192 3035; x_wconf 81' lang='lat' dir='ltr'><strong>Camilia</strong></span> 
     </span>
     <span class='ocr_line' id='line_1_29' title="bbox 384 3057 2190 3146; baseline 0.001 -26"><span class='ocrx_word' id='word_1_283' title='bbox 384 3059 528 3120; x_wconf 71' lang='lat' dir='ltr'><strong>nocenti</strong></span> <span class='ocrx_word' id='word_1_284' title='bbox 543 3058 614 3138; x_wconf 78' lang='lat' dir='ltr'><strong>(Ed.</strong></span> <span class='ocrx_word' id='word_1_285' title='bbox 631 3064 658 3120; x_wconf 93' lang='lat'><strong>1.</strong></span> <span class='ocrx_word' id='word_1_286' title='bbox 681 3058 756 3122; x_wconf 88' lang='lat' dir='ltr'><strong>Mel.</strong></span> <span class='ocrx_word' id='word_1_287' title='bbox 778 3061 852 3122; x_wconf 90' lang='lat' dir='ltr'><strong>ibid.</strong></span> <span class='ocrx_word' id='word_1_288' title='bbox 874 3061 927 3124; x_wconf 91' lang='lat' dir='ltr'><strong>lin.</strong></span> <span class='ocrx_word' id='word_1_289' title='bbox 946 3064 997 3124; x_wconf 79' lang='lat'><strong>27.</strong></span> <span class='ocrx_word' id='word_1_290' title='bbox 1016 3058 1150 3124; x_wconf 80' lang='lat' dir='ltr'><strong>Comitia</strong></span> <span class='ocrx_word' id='word_1_291' title='bbox 1170 3064 1320 3142; x_wconf 63' lang='lat' dir='ltr'><strong>caecos),</strong></span> <span class='ocrx_word' id='word_1_292' title='bbox 1343 3065 1435 3125; x_wconf 88' lang='lat' dir='ltr'><strong>etiam</strong></span> <span class='ocrx_word' id='word_1_293' title='bbox 1454 3062 1675 3146; x_wconf 77' lang='lat' dir='ltr'><strong>lirAugustas</strong></span> <span class='ocrx_word' id='word_1_294' title='bbox 1696 3061 1769 3144; x_wconf 71' lang='lat' dir='ltr'><strong>(Ed</strong></span> <span class='ocrx_word' id='word_1_295' title='bbox 1789 3068 1819 3125; x_wconf 92' lang='lat'><strong>1.</strong></span> <span class='ocrx_word' id='word_1_296' title='bbox 1840 3058 1917 3124; x_wconf 72' lang='lat' dir='ltr'><strong>met</strong></span> <span class='ocrx_word' id='word_1_297' title='bbox 1939 3058 2072 3121; x_wconf 57' lang='lat' dir='ltr'><strong>tolmai</strong></span> <span class='ocrx_word' id='word_1_298' title='bbox 2094 3057 2146 3120; x_wconf 88' lang='lat' dir='ltr'><strong>liu.</strong></span> <span class='ocrx_word' id='word_1_299' title='bbox 2159 3061 2190 3121; x_wconf 77' lang='lat' dir='ltr'><strong>d.</strong></span> 
     </span>
     <span class='ocr_line' id='line_1_30' title="bbox 385 3143 2192 3234; baseline -0.001 -26"><span class='ocrx_word' id='word_1_300' title='bbox 385 3145 476 3208; x_wconf 87' lang='lat' dir='ltr'><strong>etiam</strong></span> <span class='ocrx_word' id='word_1_301' title='bbox 496 3143 550 3208; x_wconf 77' lang='lat' dir='ltr'><strong>hie</strong></span> <span class='ocrx_word' id='word_1_302' title='bbox 570 3146 757 3228; x_wconf 80' lang='lat' dir='ltr'><strong>Augustae).</strong></span> <span class='ocrx_word' id='word_1_303' title='bbox 801 3145 966 3210; x_wconf 87' lang='lat' dir='ltr'><strong>Praeterea</strong></span> <span class='ocrx_word' id='word_1_304' title='bbox 981 3149 1151 3229; x_wconf 87' lang='lat' dir='ltr'><strong>scripturae</strong></span> <span class='ocrx_word' id='word_1_305' title='bbox 1173 3149 1386 3230; x_wconf 84' lang='lat' dir='ltr'><strong>compendium</strong></span> <span class='ocrx_word' id='word_1_306' title='bbox 1409 3167 1460 3227; x_wconf 76' lang='lat' dir='ltr'><strong>se,</strong></span> <span class='ocrx_word' id='word_1_307' title='bbox 1482 3149 1565 3231; x_wconf 86' lang='lat' dir='ltr'><strong>quod</strong></span> <span class='ocrx_word' id='word_1_308' title='bbox 1587 3152 1667 3212; x_wconf 60' lang='lat' dir='ltr'><strong>emsa</strong></span> <span class='ocrx_word' id='word_1_309' title='bbox 1687 3147 1850 3234; x_wconf 77' lang='lat' dir='ltr'><strong>signifieat,</strong></span> <span class='ocrx_word' id='word_1_310' title='bbox 1872 3143 1954 3208; x_wconf 89' lang='lat' dir='ltr'><strong>mele</strong></span> <span class='ocrx_word' id='word_1_311' title='bbox 1975 3148 2192 3226; x_wconf 79' lang='lat' dir='ltr'><strong>iuterpretatur</strong></span> 
     </span>
    </p>

    <p class='ocr_par' dir='ltr' id='par_1_9' title="bbox 353 3229 2246 3402">
     <span class='ocr_line' id='line_1_31' title="bbox 353 3229 2192 3318; baseline -0.001 -24"><span class='ocrx_word' id='word_1_312' title='bbox 353 3279 355 3282; x_wconf 13' lang='grc' dir='ltr'><em>Α</em></span> <span class='ocrx_word' id='word_1_313' title='bbox 386 3239 451 3296; x_wconf 82' lang='lat' dir='ltr'><strong>eat:</strong></span> <span class='ocrx_word' id='word_1_314' title='bbox 472 3250 562 3309; x_wconf 69' lang='grc' dir='ltr'><strong>παυς</strong></span> <span class='ocrx_word' id='word_1_315' title='bbox 580 3239 763 3315; x_wconf 87' lang='lat' dir='ltr'><strong>quapropter</strong></span> <span class='ocrx_word' id='word_1_316' title='bbox 782 3252 890 3316; x_wconf 87' lang='lat' dir='ltr'><strong>saepe,</strong></span> <span class='ocrx_word' id='word_1_317' title='bbox 911 3234 964 3296; x_wconf 88' lang='lat' dir='ltr'><strong>ubi</strong></span> <span class='ocrx_word' id='word_1_318' title='bbox 982 3233 1058 3296; x_wconf 88' lang='lat' dir='ltr'><strong>illud</strong></span> <span class='ocrx_word' id='word_1_319' title='bbox 1080 3235 1111 3295; x_wconf 91' lang='lat' dir='ltr'><strong>iu</strong></span> <span class='ocrx_word' id='word_1_320' title='bbox 1123 3229 1241 3299; x_wconf 82' lang='lat' dir='ltr'><strong>Codice</strong></span> <span class='ocrx_word' id='word_1_321' title='bbox 1263 3236 1420 3309; x_wconf 88' lang='lat' dir='ltr'><strong>iuveuerit,</strong></span> <span class='ocrx_word' id='word_1_322' title='bbox 1439 3236 1535 3299; x_wconf 89' lang='lat' dir='ltr'><strong>edidit</strong></span> <span class='ocrx_word' id='word_1_323' title='bbox 1550 3256 1635 3311; x_wconf 69' lang='lat' dir='ltr'><strong>mea,</strong></span> <span class='ocrx_word' id='word_1_324' title='bbox 1653 3256 1683 3303; x_wconf 86' lang='lat' dir='ltr'><strong>e.</strong></span> <span class='ocrx_word' id='word_1_325' title='bbox 1701 3255 1728 3297; x_wconf 85' lang='lat' dir='ltr'><strong>e.</strong></span> <span class='ocrx_word' id='word_1_326' title='bbox 1752 3240 1955 3318; x_wconf 71' lang='lat' dir='ltr'><strong>extentam,</strong></span> <span class='ocrx_word' id='word_1_327' title='bbox 1974 3250 2099 3314; x_wconf 87' lang='lat' dir='ltr'><strong>semper</strong></span> <span class='ocrx_word' id='word_1_328' title='bbox 2118 3249 2192 3292; x_wconf 81' lang='lat' dir='ltr'><strong>aeas</strong></span> 
     </span>
     <span class='ocr_line' id='line_1_32' title="bbox 385 3319 2246 3402; baseline 0.001 -20"><span class='ocrx_word' id='word_1_329' title='bbox 385 3340 453 3402; x_wconf 88' lang='lat' dir='ltr'><strong>pro:</strong></span> <span class='ocrx_word' id='word_1_330' title='bbox 471 3325 587 3384; x_wconf 65' lang='lat' dir='ltr'><strong>aaut:</strong></span> <span class='ocrx_word' id='word_1_331' title='bbox 609 3321 699 3392; x_wconf 72' lang='lat' dir='ltr'><strong>mrim,</strong></span> <span class='ocrx_word' id='word_1_332' title='bbox 718 3338 841 3401; x_wconf 87' lang='lat' dir='ltr'><strong>semper</strong></span> <span class='ocrx_word' id='word_1_333' title='bbox 858 3322 946 3383; x_wconf 73' lang='lat' dir='ltr'><strong>ardna</strong></span> <span class='ocrx_word' id='word_1_334' title='bbox 959 3319 1026 3400; x_wconf 61' lang='lat' dir='ltr'><strong>m)</strong></span> <span class='ocrx_word' id='word_1_335' title='bbox 2237 3336 2246 3346; x_wconf 89' lang='grc'><em>·</em></span> 
     </span>
    </p>
   </div>
   <div class='ocr_carea' id='block_1_9' title="bbox 173 3456 2253 3800">
    <p class='ocr_par' dir='ltr' id='par_1_10' title="bbox 173 3456 2253 3800">
     <span class='ocr_line' id='line_1_33' title="bbox 330 3456 2253 3543; baseline -0.002 -21"><span class='ocrx_word' id='word_1_336' title='bbox 330 3457 386 3522; x_wconf 85' lang='lat' dir='ltr'><strong>-0b</strong></span> <span class='ocrx_word' id='word_1_337' title='bbox 407 3459 506 3522; x_wconf 87' lang='lat' dir='ltr'><strong>varias</strong></span> <span class='ocrx_word' id='word_1_338' title='bbox 527 3456 678 3520; x_wconf 89' lang='lat' dir='ltr'><strong>lectiones</strong></span> <span class='ocrx_word' id='word_1_339' title='bbox 700 3460 808 3540; x_wconf 84' lang='lat' dir='ltr'><strong>prioris</strong></span> <span class='ocrx_word' id='word_1_340' title='bbox 826 3460 950 3540; x_wconf 88' lang='lat' dir='ltr'><strong>generis</strong></span> <span class='ocrx_word' id='word_1_341' title='bbox 967 3460 1081 3533; x_wconf 90' lang='lat' dir='ltr'><strong>editor,</strong></span> <span class='ocrx_word' id='word_1_342' title='bbox 1109 3466 1320 3542; x_wconf 81' lang='lat' dir='ltr'><strong>praeterquam</strong></span> <span class='ocrx_word' id='word_1_343' title='bbox 1343 3460 1426 3541; x_wconf 87' lang='lat' dir='ltr'><strong>quod</strong></span> <span class='ocrx_word' id='word_1_344' title='bbox 1445 3460 1572 3523; x_wconf 88' lang='lat' dir='ltr'><strong>vetitum</strong></span> <span class='ocrx_word' id='word_1_345' title='bbox 1593 3458 1787 3543; x_wconf 89' lang='lat' dir='ltr'><strong>Imperatoris</strong></span> <span class='ocrx_word' id='word_1_346' title='bbox 1814 3479 1873 3522; x_wconf 90' lang='lat' dir='ltr'><strong>non</strong></span> <span class='ocrx_word' id='word_1_347' title='bbox 1895 3458 2039 3531; x_wconf 75' lang='lat' dir='ltr'><strong>semovit,</strong></span> <span class='ocrx_word' id='word_1_348' title='bbox 2061 3474 2130 3519; x_wconf 87' lang='lat' dir='ltr'><strong>sam</strong></span> <span class='ocrx_word' id='word_1_349' title='bbox 2151 3456 2192 3519; x_wconf 89' lang='lat' dir='ltr'><strong>ob</strong></span> <span class='ocrx_word' id='word_1_350' title='bbox 2240 3486 2253 3495; x_wconf 33' lang='lat' dir='ltr'><strong>e</strong></span> 
     </span>
     <span class='ocr_line' id='line_1_34' title="bbox 180 3540 2192 3629; baseline -0.002 -21"><span class='ocrx_word' id='word_1_351' title='bbox 180 3563 303 3613; x_wconf 81' lang='lat' dir='ltr'><strong>eausam</strong></span> <span class='ocrx_word' id='word_1_352' title='bbox 319 3544 500 3628; x_wconf 87' lang='lat' dir='ltr'><strong>reprebendi</strong></span> <span class='ocrx_word' id='word_1_353' title='bbox 520 3549 641 3626; x_wconf 89' lang='lat' dir='ltr'><strong>potest,</strong></span> <span class='ocrx_word' id='word_1_354' title='bbox 663 3546 747 3626; x_wconf 86' lang='lat' dir='ltr'><strong>quod</strong></span> <span class='ocrx_word' id='word_1_355' title='bbox 765 3541 882 3608; x_wconf 81' lang='lat' dir='ltr'><strong>Codice</strong></span> <span class='ocrx_word' id='word_1_356' title='bbox 904 3566 982 3608; x_wconf 92' lang='lat' dir='ltr'><strong>usus</strong></span> <span class='ocrx_word' id='word_1_357' title='bbox 1006 3552 1071 3618; x_wconf 91' lang='lat' dir='ltr'><strong>est,</strong></span> <span class='ocrx_word' id='word_1_358' title='bbox 1100 3548 1152 3628; x_wconf 85' lang='lat' dir='ltr'><strong>qni</strong></span> <span class='ocrx_word' id='word_1_359' title='bbox 1171 3548 1305 3626; x_wconf 76' lang='lat' dir='ltr'><strong>fonnem</strong></span> <span class='ocrx_word' id='word_1_360' title='bbox 1321 3545 1409 3609; x_wconf 83' lang='lat' dir='ltr'><strong>iraad</strong></span> <span class='ocrx_word' id='word_1_361' title='bbox 1425 3548 1579 3629; x_wconf 75' lang='lat' dir='ltr'><strong>integram</strong></span> <span class='ocrx_word' id='word_1_362' title='bbox 1600 3542 1818 3610; x_wconf 72' lang='lat' dir='ltr'><strong>confessioni·</strong></span> <span class='ocrx_word' id='word_1_363' title='bbox 1840 3546 2031 3617; x_wconf 88' lang='lat' dir='ltr'><strong>contiaebat;</strong></span> <span class='ocrx_word' id='word_1_364' title='bbox 2054 3543 2093 3605; x_wconf 93' lang='lat' dir='ltr'><strong>ob</strong></span> <span class='ocrx_word' id='word_1_365' title='bbox 2115 3540 2192 3605; x_wconf 86' lang='lat' dir='ltr'><strong>alte·</strong></span> 
     </span>
     <span class='ocr_line' id='line_1_35' title="bbox 179 3627 2190 3714; baseline -0.002 -20"><span class='ocrx_word' id='word_1_366' title='bbox 179 3635 243 3694; x_wconf 89' lang='lat' dir='ltr'><strong>rius</strong></span> <span class='ocrx_word' id='word_1_367' title='bbox 260 3651 333 3694; x_wconf 91' lang='lat' dir='ltr'><strong>vero</strong></span> <span class='ocrx_word' id='word_1_368' title='bbox 354 3633 477 3713; x_wconf 85' lang='lat' dir='ltr'><strong>generis</strong></span> <span class='ocrx_word' id='word_1_369' title='bbox 500 3639 596 3693; x_wconf 89' lang='lat' dir='ltr'><strong>errata</strong></span> <span class='ocrx_word' id='word_1_370' title='bbox 618 3650 656 3692; x_wconf 87' lang='lat' dir='ltr'><strong>ex</strong></span> <span class='ocrx_word' id='word_1_371' title='bbox 678 3633 845 3713; x_wconf 86' lang='lat' dir='ltr'><strong>ignorantis</strong></span> <span class='ocrx_word' id='word_1_372' title='bbox 862 3640 895 3695; x_wconf 87' lang='lat' dir='ltr'><strong>et</strong></span> <span class='ocrx_word' id='word_1_373' title='bbox 916 3631 1102 3714; x_wconf 80' lang='lat' dir='ltr'><strong>aegIIgentia</strong></span> <span class='ocrx_word' id='word_1_374' title='bbox 1123 3632 1250 3696; x_wconf 87' lang='lat' dir='ltr'><strong>editoris</strong></span> <span class='ocrx_word' id='word_1_375' title='bbox 1268 3640 1334 3696; x_wconf 88' lang='lat' dir='ltr'><strong>orta</strong></span> <span class='ocrx_word' id='word_1_376' title='bbox 1355 3631 1501 3696; x_wconf 78' lang='lat' dir='ltr'><strong>baeclid.</strong></span> <span class='ocrx_word' id='word_1_377' title='bbox 1517 3630 1746 3696; x_wconf 82' lang='lat' dir='ltr'><strong>adlelantbone</strong></span> <span class='ocrx_word' id='word_1_378' title='bbox 1767 3632 1788 3695; x_wconf 87' lang='lat' dir='ltr'><strong>I</strong></span> <span class='ocrx_word' id='word_1_379' title='bbox 1805 3631 1828 3697; x_wconf 94' lang='lat' dir='ltr'><strong>I.</strong></span> <span class='ocrx_word' id='word_1_380' title='bbox 1846 3638 1929 3694; x_wconf 89' lang='lat' dir='ltr'><strong>recte</strong></span> <span class='ocrx_word' id='word_1_381' title='bbox 1950 3628 2120 3713; x_wconf 84' lang='lat' dir='ltr'><strong>appellatur</strong></span> <span class='ocrx_word' id='word_1_382' title='bbox 2136 3627 2190 3690; x_wconf 87' lang='lat' dir='ltr'><strong>de·</strong></span> 
     </span>
     <span class='ocr_line' id='line_1_36' title="bbox 173 3715 1107 3800; baseline 0.002 -21"><span class='ocrx_word' id='word_1_383' title='bbox 173 3725 323 3800; x_wconf 67' lang='lat' dir='ltr'><strong>medo.</strong></span> <span class='ocrx_word' id='word_1_384' title='bbox 347 3754 389 3768; x_wconf 87' lang='lat'>-</span> <span class='ocrx_word' id='word_1_385' title='bbox 409 3716 496 3782; x_wconf 89' lang='lat' dir='ltr'><strong>llaec</strong></span> <span class='ocrx_word' id='word_1_386' title='bbox 516 3715 621 3780; x_wconf 82' lang='lat' dir='ltr'><strong>Editio</strong></span> <span class='ocrx_word' id='word_1_387' title='bbox 651 3718 728 3780; x_wconf 86' lang='lat' dir='ltr'><strong>inira</strong></span> <span class='ocrx_word' id='word_1_388' title='bbox 754 3719 939 3800; x_wconf 75' lang='lat' dir='ltr'><strong>signabiturr</strong></span> <span class='ocrx_word' id='word_1_389' title='bbox 957 3718 1020 3784; x_wconf 83' lang='lat' dir='ltr'><strong>Ed.</strong></span> <span class='ocrx_word' id='word_1_390' title='bbox 1040 3726 1107 3781; x_wconf 78' lang='lat' dir='ltr'><strong>orit.</strong></span> 
     </span>
    </p>
   </div>
   <div class='ocr_carea' id='block_1_10' title="bbox 747 3930 1646 4017">
    <p class='ocr_par' dir='ltr' id='par_1_11' title="bbox 747 3930 1646 4017">
     <span class='ocr_line' id='line_1_37' title="bbox 747 3930 1646 4017; baseline 0.003 -22"><span class='ocrx_word' id='word_1_391' title='bbox 747 3930 862 3996; x_wconf 77' lang='lat' dir='ltr'><strong>Editio</strong></span> <span class='ocrx_word' id='word_1_392' title='bbox 876 3936 1028 4017; x_wconf 80' lang='lat' dir='ltr'><strong>princepe</strong></span> <span class='ocrx_word' id='word_1_393' title='bbox 1042 3933 1312 3998; x_wconf 71' lang='lat' dir='ltr'><strong>Moderationis</strong></span> <span class='ocrx_word' id='word_1_394' title='bbox 1334 3937 1409 3997; x_wconf 70' lang='lat' dir='ltr'><strong>amri</strong></span> <span class='ocrx_word' id='word_1_395' title='bbox 1428 3940 1646 4003; x_wconf 76' lang='lat'><strong><em>1530-1531.</em></strong></span> 
     </span>
    </p>
   </div>
   <div class='ocr_carea' id='block_1_11' title="bbox 335 4093 2302 4181">
    <p class='ocr_par' dir='ltr' id='par_1_12' title="bbox 335 4093 2302 4181">
     <span class='ocr_line' id='line_1_38' title="bbox 335 4093 2302 4181; baseline -0.003 -22"><span class='ocrx_word' id='word_1_396' title='bbox 335 4094 504 4179; x_wconf 84' lang='lat' dir='ltr'><strong>Postquam</strong></span> <span class='ocrx_word' id='word_1_397' title='bbox 525 4095 580 4158; x_wconf 90' lang='lat' dir='ltr'><strong>illa</strong></span> <span class='ocrx_word' id='word_1_398' title='bbox 600 4095 704 4159; x_wconf 80' lang='lat' dir='ltr'><strong>Editio</strong></span> <span class='ocrx_word' id='word_1_399' title='bbox 727 4098 934 4179; x_wconf 78' lang='lat' dir='ltr'><strong>ignorantibus</strong></span> <span class='ocrx_word' id='word_1_400' title='bbox 962 4098 1157 4181; x_wconf 89' lang='lat' dir='ltr'><strong>Principibus</strong></span> <span class='ocrx_word' id='word_1_401' title='bbox 1177 4099 1348 4181; x_wconf 89' lang='lat' dir='ltr'><strong>prodierat,</strong></span> <span class='ocrx_word' id='word_1_402' title='bbox 1381 4097 1559 4162; x_wconf 84' lang='lat' dir='ltr'><strong>Melautbon</strong></span> <span class='ocrx_word' id='word_1_403' title='bbox 1581 4099 1668 4179; x_wconf 91' lang='lat' dir='ltr'><strong>ipse,</strong></span> <span class='ocrx_word' id='word_1_404' title='bbox 1700 4094 1845 4160; x_wconf 73' lang='lat' dir='ltr'><strong>Electore</strong></span> <span class='ocrx_word' id='word_1_405' title='bbox 1874 4095 2000 4159; x_wconf 87' lang='lat' dir='ltr'><strong>conscio</strong></span> <span class='ocrx_word' id='word_1_406' title='bbox 2019 4093 2072 4156; x_wconf 92' lang='lat' dir='ltr'><strong>vel</strong></span> <span class='ocrx_word' id='word_1_407' title='bbox 2098 4094 2190 4155; x_wconf 87' lang='lat' dir='ltr'><strong>etiam</strong></span> <span class='ocrx_word' id='word_1_408' title='bbox 2299 4168 2302 4172; x_wconf 14' lang='grc' dir='ltr'>ι</span> 
     </span>
    </p>
   </div>
   <div class='ocr_carea' id='block_1_12' title="bbox 179 4178 2225 4700">
    <p class='ocr_par' dir='ltr' id='par_1_13' title="bbox 179 4178 2225 4700">
     <span class='ocr_line' id='line_1_39' title="bbox 180 4178 2190 4268; baseline -0.003 -21"><span class='ocrx_word' id='word_1_409' title='bbox 180 4185 315 4253; x_wconf 84' lang='lat' dir='ltr'><strong>labente.</strong></span> <span class='ocrx_word' id='word_1_410' title='bbox 337 4181 575 4247; x_wconf 77' lang='lat' dir='ltr'><strong>consessionem</strong></span> <span class='ocrx_word' id='word_1_411' title='bbox 597 4185 692 4264; x_wconf 93' lang='lat' dir='ltr'><strong>probe</strong></span> <span class='ocrx_word' id='word_1_412' title='bbox 710 4193 743 4246; x_wconf 91' lang='lat' dir='ltr'><strong>et</strong></span> <span class='ocrx_word' id='word_1_413' title='bbox 764 4184 925 4266; x_wconf 88' lang='lat' dir='ltr'><strong>diligenter</strong></span> <span class='ocrx_word' id='word_1_414' title='bbox 945 4186 1129 4268; x_wconf 85' lang='lat' dir='ltr'><strong>descriptam</strong></span> <span class='ocrx_word' id='word_1_415' title='bbox 1142 4185 1247 4259; x_wconf 86' lang='lat' dir='ltr'><strong>edidit,</strong></span> <span class='ocrx_word' id='word_1_416' title='bbox 1269 4185 1448 4248; x_wconf 87' lang='lat' dir='ltr'><strong>nemeudee</strong></span> <span class='ocrx_word' id='word_1_417' title='bbox 1466 4183 1550 4247; x_wconf 87' lang='lat' dir='ltr'><strong>illius</strong></span> <span class='ocrx_word' id='word_1_418' title='bbox 1565 4181 1721 4247; x_wconf 82' lang='lat' dir='ltr'><strong>Editioais</strong></span> <span class='ocrx_word' id='word_1_419' title='bbox 1739 4202 1836 4246; x_wconf 89' lang='lat' dir='ltr'><strong>novas</strong></span> <span class='ocrx_word' id='word_1_420' title='bbox 1853 4187 1994 4265; x_wconf 88' lang='lat' dir='ltr'><strong>parerent</strong></span> <span class='ocrx_word' id='word_1_421' title='bbox 2010 4178 2190 4253; x_wconf 88' lang='lat' dir='ltr'><strong>calumnias,</strong></span> 
     </span>
     <span class='ocr_line' id='line_1_40' title="bbox 180 4266 2190 4354; baseline -0.004 -20"><span class='ocrx_word' id='word_1_422' title='bbox 180 4271 214 4334; x_wconf 91' lang='lat' dir='ltr'><strong>id</strong></span> <span class='ocrx_word' id='word_1_423' title='bbox 234 4273 317 4354; x_wconf 85' lang='lat' dir='ltr'><strong>quod</strong></span> <span class='ocrx_word' id='word_1_424' title='bbox 338 4273 368 4333; x_wconf 89' lang='lat' dir='ltr'><strong>iu</strong></span> <span class='ocrx_word' id='word_1_425' title='bbox 390 4269 577 4353; x_wconf 84' lang='lat' dir='ltr'><strong>praelatione</strong></span> <span class='ocrx_word' id='word_1_426' title='bbox 599 4269 691 4332; x_wconf 87' lang='lat' dir='ltr'><strong>buius</strong></span> <span class='ocrx_word' id='word_1_427' title='bbox 708 4269 863 4334; x_wconf 80' lang='lat' dir='ltr'><strong>Editioais</strong></span> <span class='ocrx_word' id='word_1_428' title='bbox 886 4274 1022 4354; x_wconf 78' lang='lat' dir='ltr'><strong>proxIme</strong></span> <span class='ocrx_word' id='word_1_429' title='bbox 1043 4279 1115 4354; x_wconf 87' lang='lat' dir='ltr'><strong>post</strong></span> <span class='ocrx_word' id='word_1_430' title='bbox 1136 4271 1230 4334; x_wconf 92' lang='lat' dir='ltr'><strong>verba</strong></span> <span class='ocrx_word' id='word_1_431' title='bbox 1251 4291 1345 4354; x_wconf 85' lang='lat' dir='ltr'><strong>supra</strong></span> <span class='ocrx_word' id='word_1_432' title='bbox 1361 4271 1454 4334; x_wconf 84' lang='lat' dir='ltr'><strong>allata</strong></span> <span class='ocrx_word' id='word_1_433' title='bbox 1474 4272 1521 4333; x_wconf 87' lang='lat' dir='ltr'><strong>sic</strong></span> <span class='ocrx_word' id='word_1_434' title='bbox 1548 4270 1656 4333; x_wconf 78' lang='lat' dir='ltr'><strong>reiertr</strong></span> <span class='ocrx_word' id='word_1_435' title='bbox 1692 4266 1791 4332; x_wconf 70' lang='lat' dir='ltr'><strong>„Cum</strong></span> <span class='ocrx_word' id='word_1_436' title='bbox 1814 4275 1916 4331; x_wconf 86' lang='lat' dir='ltr'><strong>antem</strong></span> <span class='ocrx_word' id='word_1_437' title='bbox 1937 4267 2109 4348; x_wconf 87' lang='lat' dir='ltr'><strong>priucipes,</strong></span> <span class='ocrx_word' id='word_1_438' title='bbox 2132 4283 2190 4326; x_wconf 91' lang='lat' dir='ltr'><strong>uec</strong></span> 
     </span>
     <span class='ocr_line' id='line_1_41' title="bbox 179 4350 2190 4441; baseline -0.004 -20"><span class='ocrx_word' id='word_1_439' title='bbox 179 4356 325 4431; x_wconf 84' lang='lat' dir='ltr'><strong>siveIInt,</strong></span> <span class='ocrx_word' id='word_1_440' title='bbox 346 4363 461 4438; x_wconf 87' lang='lat' dir='ltr'><strong>queant</strong></span> <span class='ocrx_word' id='word_1_441' title='bbox 481 4376 549 4417; x_wconf 90' lang='lat' dir='ltr'><strong>eam</strong></span> <span class='ocrx_word' id='word_1_442' title='bbox 570 4376 650 4419; x_wconf 91' lang='lat' dir='ltr'><strong>nunc</strong></span> <span class='ocrx_word' id='word_1_443' title='bbox 672 4358 843 4421; x_wconf 85' lang='lat' dir='ltr'><strong>emauibus</strong></span> <span class='ocrx_word' id='word_1_444' title='bbox 865 4358 1020 4421; x_wconf 90' lang='lat' dir='ltr'><strong>bominum</strong></span> <span class='ocrx_word' id='word_1_445' title='bbox 1038 4365 1228 4441; x_wconf 81' lang='lat' dir='ltr'><strong>extorquere,</strong></span> <span class='ocrx_word' id='word_1_446' title='bbox 1251 4365 1406 4421; x_wconf 87' lang='lat' dir='ltr'><strong>ettamen</strong></span> <span class='ocrx_word' id='word_1_447' title='bbox 1427 4357 1597 4441; x_wconf 87' lang='lat' dir='ltr'><strong>perieulum</strong></span> <span class='ocrx_word' id='word_1_448' title='bbox 1618 4359 1670 4430; x_wconf 87' lang='lat' dir='ltr'><strong>sit,</strong></span> <span class='ocrx_word' id='word_1_449' title='bbox 1688 4377 1728 4418; x_wconf 87' lang='lat' dir='ltr'><strong>ae</strong></span> <span class='ocrx_word' id='word_1_450' title='bbox 1749 4354 1878 4417; x_wconf 87' lang='lat' dir='ltr'><strong>mendae</strong></span> <span class='ocrx_word' id='word_1_451' title='bbox 1895 4351 1979 4425; x_wconf 88' lang='lat' dir='ltr'><strong>illas,</strong></span> <span class='ocrx_word' id='word_1_452' title='bbox 2001 4352 2117 4433; x_wconf 87' lang='lat' dir='ltr'><strong>primae</strong></span> <span class='ocrx_word' id='word_1_453' title='bbox 2127 4350 2190 4413; x_wconf 90' lang='lat' dir='ltr'><strong>edi·</strong></span> 
     </span>
     <span class='ocr_line' id='line_1_42' title="bbox 179 4438 2189 4526; baseline -0.005 -17"><span class='ocrx_word' id='word_1_454' title='bbox 179 4446 274 4510; x_wconf 89' lang='lat' dir='ltr'><strong>tionis</strong></span> <span class='ocrx_word' id='word_1_455' title='bbox 293 4444 410 4526; x_wconf 85' lang='lat' dir='ltr'><strong>pariant</strong></span> <span class='ocrx_word' id='word_1_456' title='bbox 431 4461 526 4504; x_wconf 86' lang='lat' dir='ltr'><strong>novas</strong></span> <span class='ocrx_word' id='word_1_457' title='bbox 549 4441 728 4516; x_wconf 72' lang='lat' dir='ltr'><strong>mlumnias,</strong></span> <span class='ocrx_word' id='word_1_458' title='bbox 751 4464 886 4507; x_wconf 83' lang='lat' dir='ltr'><strong>necesse</strong></span> <span class='ocrx_word' id='word_1_459' title='bbox 903 4445 960 4507; x_wconf 83' lang='lat' dir='ltr'><strong>luit</strong></span> <span class='ocrx_word' id='word_1_460' title='bbox 980 4447 1165 4526; x_wconf 80' lang='lat' dir='ltr'><strong>recognitam</strong></span> <span class='ocrx_word' id='word_1_461' title='bbox 1188 4449 1220 4506; x_wconf 91' lang='lat' dir='ltr'><strong>et</strong></span> <span class='ocrx_word' id='word_1_462' title='bbox 1236 4444 1425 4508; x_wconf 87' lang='lat' dir='ltr'><strong>emendatam</strong></span> <span class='ocrx_word' id='word_1_463' title='bbox 1447 4443 1548 4507; x_wconf 89' lang='lat' dir='ltr'><strong>denuo</strong></span> <span class='ocrx_word' id='word_1_464' title='bbox 1571 4445 1676 4523; x_wconf 90' lang='lat' dir='ltr'><strong>edere,</strong></span> <span class='ocrx_word' id='word_1_465' title='bbox 1695 4443 1767 4523; x_wconf 81' lang='lat' dir='ltr'><strong>qula</strong></span> <span class='ocrx_word' id='word_1_466' title='bbox 1783 4462 1843 4504; x_wconf 90' lang='lat' dir='ltr'><strong>noa</strong></span> <span class='ocrx_word' id='word_1_467' title='bbox 1859 4439 1961 4504; x_wconf 89' lang='lat' dir='ltr'><strong>solum</strong></span> <span class='ocrx_word' id='word_1_468' title='bbox 1979 4438 2020 4500; x_wconf 88' lang='lat' dir='ltr'><strong>sd</strong></span> <span class='ocrx_word' id='word_1_469' title='bbox 2036 4439 2189 4501; x_wconf 67' lang='lat' dir='ltr'><strong>aarum</strong></span> 
     </span>
     <span class='ocr_line' id='line_1_43' title="bbox 179 4523 2189 4613; baseline -0.004 -18"><span class='ocrx_word' id='word_1_470' title='bbox 179 4533 294 4595; x_wconf 87' lang='lat' dir='ltr'><strong>tionem</strong></span> <span class='ocrx_word' id='word_1_471' title='bbox 311 4531 489 4612; x_wconf 85' lang='lat' dir='ltr'><strong>principum,</strong></span> <span class='ocrx_word' id='word_1_472' title='bbox 510 4528 567 4590; x_wconf 92' lang='lat' dir='ltr'><strong>sed</strong></span> <span class='ocrx_word' id='word_1_473' title='bbox 591 4530 682 4593; x_wconf 87' lang='lat' dir='ltr'><strong>etiam</strong></span> <span class='ocrx_word' id='word_1_474' title='bbox 705 4531 744 4591; x_wconf 87' lang='lat' dir='ltr'><strong>ad</strong></span> <span class='ocrx_word' id='word_1_475' title='bbox 766 4529 945 4612; x_wconf 88' lang='lat' dir='ltr'><strong>religionem</strong></span> <span class='ocrx_word' id='word_1_476' title='bbox 962 4533 1102 4613; x_wconf 83' lang='lat' dir='ltr'><strong>pertinet,</strong></span> <span class='ocrx_word' id='word_1_477' title='bbox 1120 4537 1287 4613; x_wconf 88' lang='lat' dir='ltr'><strong>praestare,</strong></span> <span class='ocrx_word' id='word_1_478' title='bbox 1310 4552 1349 4593; x_wconf 91' lang='lat' dir='ltr'><strong>ne</strong></span> <span class='ocrx_word' id='word_1_479' title='bbox 1370 4533 1505 4613; x_wconf 76' lang='lat' dir='ltr'><strong>Ipsorum</strong></span> <span class='ocrx_word' id='word_1_480' title='bbox 1527 4529 1624 4593; x_wconf 88' lang='lat' dir='ltr'><strong>tltulis</strong></span> <span class='ocrx_word' id='word_1_481' title='bbox 1643 4535 1825 4612; x_wconf 88' lang='lat' dir='ltr'><strong>spargautm</strong></span> <span class='ocrx_word' id='word_1_482' title='bbox 1845 4529 1875 4589; x_wconf 92' lang='lat' dir='ltr'><strong>in</strong></span> <span class='ocrx_word' id='word_1_483' title='bbox 1898 4525 2010 4608; x_wconf 88' lang='lat' dir='ltr'><strong>vulgus</strong></span> <span class='ocrx_word' id='word_1_484' title='bbox 2027 4523 2120 4587; x_wconf 86' lang='lat' dir='ltr'><strong>buius</strong></span> <span class='ocrx_word' id='word_1_485' title='bbox 2137 4543 2189 4606; x_wconf 91' lang='lat' dir='ltr'><strong>ge·</strong></span> 
     </span>
     <span class='ocr_line' id='line_1_44' title="bbox 181 4610 2225 4700; baseline -0.002 -21"><span class='ocrx_word' id='word_1_486' title='bbox 181 4618 264 4680; x_wconf 88' lang='lat' dir='ltr'><strong>neris</strong></span> <span class='ocrx_word' id='word_1_487' title='bbox 284 4615 433 4679; x_wconf 90' lang='lat' dir='ltr'><strong>mendosa</strong></span> <span class='ocrx_word' id='word_1_488' title='bbox 454 4616 578 4697; x_wconf 82' lang='lat' dir='ltr'><strong>scripta.</strong></span> <span class='ocrx_word' id='word_1_489' title='bbox 621 4614 723 4690; x_wconf 84' lang='lat' dir='ltr'><strong>Quare</strong></span> <span class='ocrx_word' id='word_1_490' title='bbox 742 4637 821 4680; x_wconf 90' lang='lat' dir='ltr'><strong>nunc</strong></span> <span class='ocrx_word' id='word_1_491' title='bbox 843 4619 1009 4680; x_wconf 88' lang='lat' dir='ltr'><strong>emittimus</strong></span> <span class='ocrx_word' id='word_1_492' title='bbox 1030 4618 1126 4700; x_wconf 89' lang='lat' dir='ltr'><strong>probe</strong></span> <span class='ocrx_word' id='word_1_493' title='bbox 1148 4625 1181 4680; x_wconf 88' lang='lat' dir='ltr'><strong>et</strong></span> <span class='ocrx_word' id='word_1_494' title='bbox 1201 4616 1364 4697; x_wconf 88' lang='lat' dir='ltr'><strong>diligenter</strong></span> <span class='ocrx_word' id='word_1_495' title='bbox 1380 4617 1564 4699; x_wconf 89' lang='lat' dir='ltr'><strong>descriptam</strong></span> <span class='ocrx_word' id='word_1_496' title='bbox 1587 4614 1824 4687; x_wconf 78' lang='lat' dir='ltr'><strong>confessionem,</strong></span> <span class='ocrx_word' id='word_1_497' title='bbox 1848 4634 1888 4677; x_wconf 84' lang='lat' dir='ltr'><strong>ex</strong></span> <span class='ocrx_word' id='word_1_498' title='bbox 1904 4611 2069 4694; x_wconf 84' lang='lat' dir='ltr'><strong>exemplari</strong></span> <span class='ocrx_word' id='word_1_499' title='bbox 2090 4610 2190 4674; x_wconf 86' lang='lat' dir='ltr'><strong>bonae</strong></span> <span class='ocrx_word' id='word_1_500' title='bbox 2222 4615 2225 4621; x_wconf 85' lang='lat'>&#39;</span> 
     </span>
    </p>
   </div>
   <div class='ocr_carea' id='block_1_13' title="bbox 98 4695 2297 4785">
    <p class='ocr_par' dir='ltr' id='par_1_14' title="bbox 98 4695 2297 4785">
     <span class='ocr_line' id='line_1_45' title="bbox 98 4695 2297 4785; baseline -0 -19"><span class='ocrx_word' id='word_1_501' title='bbox 98 4776 101 4781; x_wconf 27' lang='lat'><em>¹</em></span> <span class='ocrx_word' id='word_1_502' title='bbox 181 4703 263 4768; x_wconf 78' lang='lat' dir='ltr'><strong>idei.</strong></span> <span class='ocrx_word' id='word_1_503' title='bbox 304 4701 490 4766; x_wconf 80' lang='lat' dir='ltr'><strong>Addidimus</strong></span> <span class='ocrx_word' id='word_1_504' title='bbox 530 4709 563 4763; x_wconf 91' lang='lat' dir='ltr'><strong>et</strong></span> <span class='ocrx_word' id='word_1_505' title='bbox 594 4701 788 4785; x_wconf 81' lang='lat' dir='ltr'><strong>Apologiam,</strong></span> <span class='ocrx_word' id='word_1_506' title='bbox 823 4724 902 4785; x_wconf 88' lang='lat' dir='ltr'><strong>quae</strong></span> <span class='ocrx_word' id='word_1_507' title='bbox 924 4705 1015 4766; x_wconf 89' lang='lat' dir='ltr'><strong>etism</strong></span> <span class='ocrx_word' id='word_1_508' title='bbox 1036 4700 1131 4767; x_wconf 84' lang='lat' dir='ltr'><strong>Caes.</strong></span> <span class='ocrx_word' id='word_1_509' title='bbox 1152 4702 1311 4767; x_wconf 84' lang='lat' dir='ltr'><strong>Maleatati</strong></span> <span class='ocrx_word' id='word_1_510' title='bbox 1333 4702 1437 4766; x_wconf 89' lang='lat' dir='ltr'><strong>oblata</strong></span> <span class='ocrx_word' id='word_1_511' title='bbox 1457 4709 1515 4767; x_wconf 80' lang='lat' dir='ltr'><strong>est</strong></span> <span class='ocrx_word' id='word_1_512' title='bbox 1559 4700 1750 4767; x_wconf 75' lang='lat' dir='ltr'><strong>Verebamur</strong></span> <span class='ocrx_word' id='word_1_513' title='bbox 1775 4701 1856 4762; x_wconf 88' lang='lat' dir='ltr'><strong>enim</strong></span> <span class='ocrx_word' id='word_1_514' title='bbox 1884 4697 2034 4773; x_wconf 73' lang='lat' dir='ltr'><strong>inbrium,</strong></span> <span class='ocrx_word' id='word_1_515' title='bbox 2055 4705 2091 4763; x_wconf 88' lang='lat' dir='ltr'><strong>ut</strong></span> <span class='ocrx_word' id='word_1_516' title='bbox 2117 4695 2191 4760; x_wconf 78' lang='lat' dir='ltr'><strong>aiibi</strong></span> <span class='ocrx_word' id='word_1_517' title='bbox 2294 4758 2297 4765; x_wconf 94' lang='lat'><strong>.</strong></span> 
     </span>
    </p>
   </div>
   <div class='ocr_carea' id='block_1_14' title="bbox 182 4787 2157 4870">
    <p class='ocr_par' dir='ltr' id='par_1_15' title="bbox 182 4787 2157 4870">
     <span class='ocr_line' id='line_1_46' title="bbox 182 4787 2157 4870; baseline 0.001 -17"><span class='ocrx_word' id='word_1_518' title='bbox 182 4788 322 4853; x_wconf 81' lang='lat' dir='ltr'><strong>ederetru</strong></span> <span class='ocrx_word' id='word_1_519' title='bbox 342 4809 403 4851; x_wconf 91' lang='lat' dir='ltr'><strong>non</strong></span> <span class='ocrx_word' id='word_1_520' title='bbox 425 4787 577 4862; x_wconf 86' lang='lat' dir='ltr'><strong>ioelieius,</strong></span> <span class='ocrx_word' id='word_1_521' title='bbox 600 4809 691 4870; x_wconf 87' lang='lat' dir='ltr'><strong>quam</strong></span> <span class='ocrx_word' id='word_1_522' title='bbox 712 4789 796 4853; x_wconf 90' lang='lat' dir='ltr'><strong>edita</strong></span> <span class='ocrx_word' id='word_1_523' title='bbox 812 4797 862 4853; x_wconf 88' lang='lat' dir='ltr'><strong>est</strong></span> <span class='ocrx_word' id='word_1_524' title='bbox 879 4789 1075 4853; x_wconf 63' lang='lat' dir='ltr'><strong>confession</strong></span> <span class='ocrx_word' id='word_1_525' title='bbox 2151 4810 2157 4823; x_wconf 93' lang='lat'><strong>·</strong></span> 
     </span>
    </p>
   </div>
   <div class='ocr_carea' id='block_1_15' title="bbox 296 4996 2191 5155">
    <p class='ocr_par' dir='ltr' id='par_1_16' title="bbox 296 4996 2191 5155">
     <span class='ocr_line' id='line_1_47' title="bbox 296 4996 2191 5082; baseline -0.005 -10"><span class='ocrx_word' id='word_1_526' title='bbox 296 5012 458 5081; x_wconf 68' lang='lat' dir='ltr'><strong>‘inuitant</strong></span> <span class='ocrx_word' id='word_1_527' title='bbox 474 5015 522 5070; x_wconf 86' lang='lat' dir='ltr'><strong>vtrt</strong></span> <span class='ocrx_word' id='word_1_528' title='bbox 538 5014 614 5078; x_wconf 71' lang='lat' dir='ltr'><strong>dael,</strong></span> <span class='ocrx_word' id='word_1_529' title='bbox 631 5018 719 5069; x_wconf 86' lang='lat' dir='ltr'><strong>utrum</strong></span> <span class='ocrx_word' id='word_1_530' title='bbox 736 5015 803 5069; x_wconf 86' lang='lat' dir='ltr'><strong>baec</strong></span> <span class='ocrx_word' id='word_1_531' title='bbox 818 5014 988 5070; x_wconf 68' lang='lat' dir='ltr'><strong>ttebnmmts</strong></span> <span class='ocrx_word' id='word_1_532' title='bbox 1005 4996 1085 5069; x_wconf 80' lang='lat' dir='ltr'><strong>rerba</strong></span> <span class='ocrx_word' id='word_1_533' title='bbox 1101 5010 1296 5069; x_wconf 70' lang='lat' dir='ltr'><strong>ar&#39;suuoueu</strong></span> <span class='ocrx_word' id='word_1_534' title='bbox 1315 5015 1484 5082; x_wconf 63' lang='lat' dir='ltr'><strong>magnaram</strong></span> <span class='ocrx_word' id='word_1_535' title='bbox 1501 5014 1598 5069; x_wconf 76' lang='lat' dir='ltr'><strong>lature</strong></span> <span class='ocrx_word' id='word_1_536' title='bbox 1615 5011 1792 5067; x_wconf 65' lang='lat' dir='ltr'><strong>mesembria</strong></span> <span class='ocrx_word' id='word_1_537' title='bbox 1809 5013 1937 5081; x_wconf 64' lang='lat' dir='ltr'><strong>enecent,</strong></span> <span class='ocrx_word' id='word_1_538' title='bbox 1958 5023 1994 5065; x_wconf 90' lang='lat' dir='ltr'><strong>au</strong></span> <span class='ocrx_word' id='word_1_539' title='bbox 2010 5007 2191 5064; x_wconf 67' lang='lat' dir='ltr'><strong>additiones</strong></span> 
     </span>
     <span class='ocr_line' id='line_1_48' title="bbox 336 5076 2189 5155; baseline -0.005 -16"><span class='ocrx_word' id='word_1_540' title='bbox 336 5086 501 5151; x_wconf 68' lang='lat' dir='ltr'><strong>germanicae</strong></span> <span class='ocrx_word' id='word_1_541' title='bbox 518 5082 601 5147; x_wconf 79' lang='lat' dir='ltr'><strong>cont,</strong></span> <span class='ocrx_word' id='word_1_542' title='bbox 617 5096 682 5148; x_wconf 80' lang='lat' dir='ltr'><strong>ome</strong></span> <span class='ocrx_word' id='word_1_543' title='bbox 701 5096 725 5138; x_wconf 88' lang='grc' dir='ltr'><strong>ι.</strong></span> <span class='ocrx_word' id='word_1_544' title='bbox 742 5085 816 5141; x_wconf 72' lang='lat'><strong>15³0.</strong></span> <span class='ocrx_word' id='word_1_545' title='bbox 835 5083 994 5155; x_wconf 73' lang='lat' dir='ltr'><strong>audieruut,</strong></span> <span class='ocrx_word' id='word_1_546' title='bbox 1011 5096 1046 5139; x_wconf 90' lang='lat' dir='ltr'><strong>m</strong></span> <span class='ocrx_word' id='word_1_547' title='bbox 1062 5082 1096 5138; x_wconf 85' lang='lat' dir='ltr'><strong>ad</strong></span> <span class='ocrx_word' id='word_1_548' title='bbox 1110 5085 1245 5151; x_wconf 74' lang='lat' dir='ltr'><strong>uirtusque</strong></span> <span class='ocrx_word' id='word_1_549' title='bbox 1254 5083 1431 5141; x_wconf 74' lang='lat' dir='ltr'><strong>contemtoris</strong></span> <span class='ocrx_word' id='word_1_550' title='bbox 1440 5082 1569 5138; x_wconf 70' lang='lat' dir='ltr'><strong>admones</strong></span> <span class='ocrx_word' id='word_1_551' title='bbox 1586 5081 1755 5149; x_wconf 71' lang='lat' dir='ltr'><strong>marmores,</strong></span> <span class='ocrx_word' id='word_1_552' title='bbox 1771 5080 2006 5136; x_wconf 81' lang='lat' dir='ltr'><strong>rideweberum</strong></span> <span class='ocrx_word' id='word_1_553' title='bbox 2023 5076 2111 5132; x_wconf 79' lang='grc'><strong>1111.</strong></span> <span class='ocrx_word' id='word_1_554' title='bbox 2129 5081 2189 5145; x_wconf 80' lang='lat' dir='ltr'><strong>nt.</strong></span> 
     </span>
    </p>
   </div>
   <div class='ocr_carea' id='block_1_16' title="bbox 259 5169 984 5324">
    <p class='ocr_par' dir='ltr' id='par_1_17' title="bbox 259 5169 984 5324">
     <span class='ocr_line' id='line_1_49' title="bbox 274 5169 984 5238; baseline 0.032 -22"><span class='ocrx_word' id='word_1_555' title='bbox 274 5170 320 5238; x_wconf 72' lang='grc' dir='ltr'><strong>ν)</strong></span> <span class='ocrx_word' id='word_1_556' title='bbox 339 5169 412 5226; x_wconf 76' lang='lat' dir='ltr'><strong>cona</strong></span> <span class='ocrx_word' id='word_1_557' title='bbox 428 5171 544 5225; x_wconf 75' lang='lat' dir='ltr'><strong>vener</strong></span> <span class='ocrx_word' id='word_1_558' title='bbox 559 5171 578 5224; x_wconf 77' lang='lat' dir='ltr'><strong>a</strong></span> <span class='ocrx_word' id='word_1_559' title='bbox 595 5170 614 5223; x_wconf 89' lang='lat'><strong>1.</strong></span> <span class='ocrx_word' id='word_1_560' title='bbox 631 5170 652 5223; x_wconf 80' lang='grc' dir='ltr'><strong>ι.</strong></span> <span class='ocrx_word' id='word_1_561' title='bbox 669 5183 694 5235; x_wconf 84' lang='lat' dir='ltr'><strong>r·</strong></span> <span class='ocrx_word' id='word_1_562' title='bbox 711 5171 773 5225; x_wconf 80' lang='lat'><strong>⁴⁰⁷·</strong></span> <span class='ocrx_word' id='word_1_563' title='bbox 789 5175 817 5225; x_wconf 77' lang='lat' dir='ltr'><strong>et</strong></span> <span class='ocrx_word' id='word_1_564' title='bbox 832 5183 858 5236; x_wconf 85' lang='lat' dir='ltr'><strong>o·</strong></span> <span class='ocrx_word' id='word_1_565' title='bbox 876 5172 905 5225; x_wconf 78' lang='lat'><strong>⁰¹</strong></span> <span class='ocrx_word' id='word_1_566' title='bbox 927 5181 984 5237; x_wconf 72' lang='lat' dir='ltr'><strong>rra</strong></span> 
     </span>
     <span class='ocr_line' id='line_1_50' title="bbox 259 5254 984 5324; baseline 0.023 -23"><span class='ocrx_word' id='word_1_567' title='bbox 259 5254 320 5324; x_wconf 73' lang='lat'><strong>⁸⁰⁸)</strong></span> <span class='ocrx_word' id='word_1_568' title='bbox 337 5257 408 5313; x_wconf 75' lang='lat' dir='ltr'><strong>urea</strong></span> <span class='ocrx_word' id='word_1_569' title='bbox 424 5256 570 5311; x_wconf 80' lang='lat' dir='ltr'><strong>atteruntur</strong></span> <span class='ocrx_word' id='word_1_570' title='bbox 586 5270 602 5311; x_wconf 87' lang='lat' dir='ltr'><strong>a</strong></span> <span class='ocrx_word' id='word_1_571' title='bbox 620 5257 754 5311; x_wconf 81' lang='lat' dir='ltr'><strong>Webero</strong></span> <span class='ocrx_word' id='word_1_572' title='bbox 770 5256 790 5310; x_wconf 91' lang='lat'><strong>1.</strong></span> <span class='ocrx_word' id='word_1_573' title='bbox 809 5257 827 5311; x_wconf 86' lang='grc' dir='ltr'><strong>Ι.</strong></span> <span class='ocrx_word' id='word_1_574' title='bbox 845 5256 866 5310; x_wconf 85' lang='lat'><strong>1·</strong></span> <span class='ocrx_word' id='word_1_575' title='bbox 886 5257 984 5321; x_wconf 61' lang='grc' dir='ltr'><strong>ΜΝ·</strong></span> 
     </span>
    </p>
   </div>
   <div class='ocr_carea' id='block_1_17' title="bbox 0 0 2326 5594">
    <p class='ocr_par' dir='ltr' id='par_1_18' title="bbox 0 0 2326 5594">
     <span class='ocr_line' id='line_1_51' title="bbox 0 0 2326 5594; baseline 0 0"><span class='ocrx_word' id='word_1_576' title='bbox 0 0 2326 5594; x_wconf 95' lang='lat' dir='ltr'><strong> </strong></span> 
     </span>
    </p>
   </div>
  </div>
 </body>
</html>
