4642 5594
144 304 223 387 „trs

156 510 333 591 ordinariis
356 508 591 585 concionibus,
614 519 647 572 et
669 507 711 571 de
738 505 815 592 alijs
842 507 1135 573 innumerabilibus

125 599 270 675 erebus.
317 594 509 660 Huiusmodi
532 594 669 680 negotia
692 595 992 678 praetermisimus,
1020 605 1058 657 vt
1079 589 1137 658 illa

155 701 243 771 quae
265 694 343 747 sunt
364 683 398 744 in
420 677 484 745 hac
506 699 609 745 causa
630 682 822 763 praecipue,
841 681 985 745 breuiter
1014 698 1135 764 propo·

158 771 241 846 sita,
262 765 394 833 facilius
421 767 584 851 cognosci
614 777 765 915 possent.
812 764 929 852 Neque
958 764 1015 829 hic
1045 767 1136 851 quie·

157 875 256 942 quam
278 853 320 918 ad
343 850 443 916 vlliua
456 862 619 926 *conturna
635 853 698 915 iam
720 852 843 916 dictum
871 865 929 915 aut
957 849 1136 917 collectum

155 951 222 1008 est.
272 937 412 1003 Tantum
441 957 481 1001 ea
515 939 653 1002 recitata
687 949 785 1014 sunt,
820 957 905 1022 quae
938 938 1138 1002 videbantur

157 1026 353 1093 necessario
376 1025 518 1089 dicenda
534 1043 630 1102 esse,
653 1035 688 1099 vt
714 1019 854 1108 intelligi
880 1025 990 1109 possit
1017 1025 1050 1087 iu
1079 1024 1138 1086 do·

157 1112 264 1179 ctrina
286 1132 328 1176 ao
351 1110 562 1195 ceremonijs,
584 1102 676 1258 apud
695 1129 758 1173 nos
776 1106 859 1174 nihil
880 1129 958 1174 esse
970 1121 1139 1193 receptum

159 1210 280 1266 contra
301 1197 502 1281 scripturam
524 1206 582 1261 aut
633 1193 792 1260 eclesiam
821 1193 1038 1271 catlrolieam,
1061 1196 1139 1279 quia

157 1285 368 1350 manifestum
391 1295 454 1361 est,
476 1302 540 1346 nos
563 1278 813 1368 diligentissime
834 1281 987 1358 cauisse,
1010 1299 1053 1345 ne
1075 1302 1141 1366 qna

157 1390 248 1436 noua
270 1379 303 1434 et
331 1369 429 1454 impia
458 1369 613 1455 dogmata
641 1369 675 1431 in
704 1365 876 1432 Ecclesias
906 1378 1042 1434 nostras
1071 1387 1140 1430 ser·

182 1468 284 1523 arent.

157 1478 180 1544 P
246 1541 319 1605 llos
341 1538 504 1605 articulos
532 1560 635 1624 supra
661 1540 827 1623 scriptos,
856 1539 1024 1606 voluimus
1054 1535 1142 1602 exhi·

158 1631 241 1693 bere
264 1630 353 1691 iuxta
371 1627 513 1691 edictum
538 1623 577 1690 C.
599 1625 645 1689 lll.
668 1629 702 1691 in
730 1628 851 1712 quibus
880 1624 1052 1691 confessio
1082 1644 1140 1688 no·

158 1724 230 1779 stra
253 1723 392 1790 extaret,
414 1721 447 1775 et
469 1731 583 1787 eorum
600 1713 655 1796 qui
680 1715 767 1797 apud
789 1732 853 1777 nos
877 1713 999 1778 docent
1021 1711 1141 1775 doctri·

158 1820 222 1867 nae
254 1818 382 1865 sunrma
415 1797 619 1864 oemer‘etur.
671 1799 707 1865 Si
742 1799 822 1886 quid
852 1799 884 1863 in
915 1799 980 1866 hac
1009 1794 1169 1862 confes-⁵

227 2094 361 2157 exercitia,
392 2093 492 2159 species
520 2106 583 2141 uero
613 2106 682 2157 quaa
711 2100 767 2142 erat
794 2093 957 2155 ceremonia,
984 2090 1067 2141 libera
1092 2098 1140 2141 est.

227 2164 292 2214 ldeo
310 2178 365 2213 nou
382 2162 546 2211 retinuerunt
562 2162 685 2224 Apostoli
708 2161 846 2227 septimum
870 2162 952 2222 diem,
976 2160 1024 2210 sed
1045 2160 1141 2210 malue-

227 2240 287 2283 runt
304 2232 454 2295 uti'primo,
472 2238 500 2279 ut
518 2238 545 2279 et
563 2231 595 2278 de
613 2231 735 2280 libertate
755 2237 781 2279 et
799 2231 832 2280 de
850 2230 1040 2280 resurrectione
1064 2229 1140 2280 Chri·

226 2305 259 2352 sti
278 2303 335 2366 pios
352 2301 531 2350 admonerent.
609 2297 611 2301 '
851 2317 855 2324 ·

262 2388 302 2437 111
324 2401 391 2451 quae
413 2385 586 2452 abijciuntur,
609 2384 687 2436 facile
711 2385 776 2436 dilui
800 2392 917 2449 possunt.
953 2384 1142 2449 Apostolorum

228 2458 367 2517 decretum,
385 2456 418 2504 de
435 2454 594 2518 Idolothytis
619 2462 647 2504 et
668 2457 829 2503 scortatione
852 2462 892 2504 est
914 2456 1013 2504 morale
1035 2462 1062 2503 et
1084 2469 1142 2518 per-

229 2538 342 2590 petuum
379 2522 457 2584 Quod
475 2534 563 2573 autem
581 2523 740 2572 addiderunt
756 2523 789 2571 de
807 2524 936 2585 sanguine
960 2532 987 2572 et
1004 2524 1143 2586 suffocato,

228 2593 346 2643 scandali
364 2595 441 2654 ratio,
458 2608 491 2643 eo
510 2602 637 2656 tempore,
656 2592 746 2640 habita
764 2599 812 2651 est,
830 2591 898 2640 Nam
916 2607 972 2640 mos
990 2601 1048 2641 erat
1065 2594 1143 2641 etiam

228 2671 288 2712 ante
305 2663 460 2725 Apostolos.
478 2671 506 2710 ut
524 2661 615 2710 domiti
633 2675 650 2708 a
666 2660 770 2709 Iudaeis
794 2662 955 2709 abstinerent
976 2675 993 2710 a
1016 2663 1144 2724 sanguine
1213 2698 1216 2702 .

229 2740 257 2780 et
273 2730 411 2781 suffocato.
439 2729 513 2780 Nihil
530 2730 611 2792 igitur
629 2730 693 2778 noui
710 2730 840 2779 adiunctis
858 2731 892 2778 ad
906 2730 1144 2779 societatemsuam

229 2801 410 2864 imponebant,
434 2802 480 2848 sed
504 2800 629 2848 usitatum
653 2799 731 2846 ritum
755 2808 869 2861 ueterem
892 2808 919 2847 et
942 2806 1044 2863 gratum
1066 2800 1144 2848 utris·
1169 2820 1172 2827 ·

229 2883 287 2932 que,
305 2868 410 2919 Iudaeis
428 2869 479 2933 pija
498 2869 522 2917 ei
540 2870 627 2932 socijs,
644 2867 760 2916 nondum
778 2876 919 2916 mutarunt.
938 2892 941 2899 ·

265 2962 344 3024 Quod
370 2963 489 3013 Christus
515 2963 560 3012 ait.
601 2961 696 3011 Adhuc
722 2963 805 3011 multa
831 2962 907 3011 nobis
935 2962 1022 3011 dicere
1048 2961 1145 3025 habeo,

230 3042 300 3082 certe
318 3048 372 3081 non
392 3034 424 3081 de
442 3031 559 3082 futilibus
578 3032 731 3095 ceremonijs
749 3031 907 3080 Pontificum
926 3032 1072 3091 intellexit,
1092 3045 1144 3079 neo

230 3102 263 3152 de
288 3104 364 3152 nouis
389 3103 507 3150 articulis
530 3100 606 3161 fidei,
634 3100 681 3148 sed
706 3102 739 3150 de
768 3115 799 3150 eo
827 3102 883 3165 ipso
910 3100 1059 3164 Euangelio
1086 3101 1144 3149 illn-

229 3172 346 3231 strando,
365 3172 435 3234 quod
455 3172 507 3220 iam
525 3169 679 3219 tradiderat.
715 3170 779 3218 Ideo
798 3177 891 3233 postea
907 3170 983 3218 addit
1001 3172 1035 3218 de
1053 3168 1143 3220 cilicio

230 3241 336 3304 spiritns
355 3240 451 3299 sancti,
469 3254 523 3288 non
547 3239 685 3288 allaturum
710 3253 768 3287 esse
793 3239 864 3287 aliud
888 3239 1023 3289 doetrinae
1051 3253 1143 3302 genus,

229 3308 276 3358 sed
294 3308 352 3356 luce
370 3322 418 3356 sua
435 3308 599 3371 per-fusurum
622 3314 721 3356 mantes
744 3307 949 3370 Apostolorum,
972 3315 1001 3355 ut
1023 3306 1143 3371 Euange-

229 3376 292 3424 lium
310 3375 343 3425 de
360 3377 497 3425 uoluntate
515 3376 566 3424 Dei
584 3377 637 3424 ism
655 3377 778 3424 traditum
802 3376 987 3437 intelligerent.
1023 3377 1087 3424 Ideo
1106 3379 1144 3425 ait

228 3444 301 3493 loen.
322 3445 361 3496 14.
381 3444 431 3494 Ille
449 3459 497 3494 uos
523 3442 628 3492 docebit
651 3445 752 3503 omnia,
772 3450 798 3491 et
816 3444 919 3507 rediget
942 3443 1017 3493 uobis
1042 3445 1069 3491 in
1092 3460 1143 3494 me·

229 3515 339 3562 moriam
369 3514 458 3562 omnia
484 3527 551 3577 quae
582 3513 637 3561 dixi
662 3513 747 3562 uobis.
783 3513 863 3575 ltem,
890 3512 953 3562 Non
979 3514 1101 3580 loquetur
1126 3528 1144 3564 a

229 3584 325 3646 seipso,
343 3584 390 3633 sed
408 3597 475 3647 quae
493 3582 574 3642 audit,
592 3582 721 3644 loquetur.

265 3676 431 3743 Obijciuutur
450 3687 476 3729 et
493 3676 545 3726 alia
562 3676 633 3725 dicta
651 3690 716 3740 qrrac
734 3677 896 3740 praecipiunt
921 3678 953 3725 de
979 3678 1140 3729 obediontia.

231 3744 343 3796 Obeditc
371 3743 527 3811 praepositis
563 3746 666 3796 uestris.
703 3745 795 3793 'lotias
821 3747 1003 3809 respondimus
1030 3749 1143 3796 maxime

229 3816 402 3864 necessariam
420 3831 475 3864 esse
493 3814 669 3864 obedientiam
693 3814 720 3862 iu
744 3815 776 3880 ijs
800 3829 867 3878 quae
885 3818 990 3880 propria
1013 3822 1074 3864 sunt
1097 3817 1143 3865 mi·

229 3884 329 3950 uiaterij
349 3885 473 3933 diuinitus
491 3885 618 3947 mandati,
635 3882 704 3932 Nam
722 3883 788 3932 baec
812 3883 882 3932 dicta
905 3899 958 3934 uon
982 3888 1144 3935 coristituuut

229 3952 366 4018 Episcopis
393 3968 502 4016 regnum
529 3962 605 4002 extra
631 3954 812 4016 Euangelium.
856 3951 974 4004 Christus
1002 3955 1076 4004 dedit
1106 3956 1142 4003 eia

232 4029 302 4071 certa
319 4022 455 4083 mandata,
481 4023 530 4072 His
549 4022 621 4071 iubet
648 4037 696 4070 nos
720 4036 820 4087 parcre,
855 4019 958 4072 Deinde
981 4025 1059 4072 etiam
1082 4039 1143 4089 pro·

230 4089 317 4141 hibuit
334 4092 436 4154 institui
455 4106 538 4141 1101101
558 4093 649 4141 cultus.
686 4090 734 4139 His
753 4098 824 4140 uetat
841 4105 941 4156 parere.
976 4091 1065 4142 Melae
1083 4101 1144 4143 sunt

230 4161 387 4210 coristitutae
404 4163 474 4211 iutra
492 4175 555 4226 quas
575 4170 600 4210 et
618 4160 744 4210 antistites
762 4167 911 4223 pasterum,
930 4169 957 4211 et
974 4171 1064 4212 nostra
1081 4164 1143 4212 ebe·

145 4238 158 4253 “
231 4229 329 4280 dientia
348 4231 489 4280 consistere
508 4230 594 4280 debet.
620 4228 674 4288 Sed
693 4227 740 4278 has
759 4238 840 4279 metas
859 4230 1030 4282 audacissime
1049 4232 1145 4280 tollunt

229 4297 362 4365 Episcopi,
380 4302 424 4365 qui
442 4301 570 4364 triplicem
587 4297 639 4349 sibi
661 4305 788 4358 arrogant
810 4307 982 4363 potestatem,
1006 4316 1057 4366 qua
1082 4316 1144 4350 cou-

229 4366 334 4418 1111111
350 4370 588 4434 perniciosissimos
605 4380 716 4427 errores,
734 4367 864 4432 uidelicet,
881 4368 993 4433 Regiam
1010 4385 1057 4420 seu
1068 4385 1143 4436 prae·

176 4603 402 4678 1000101011]
423 4612 633 4679 1111111091.
652 4622 750 4660 mers:
770 4610 937 4660 consessione

533 274 537 281 ⁸
610 315 723 383 rara.
745 314 850 383 stan.
872 306 1060 384 suntme
1080 316 1350 388 0011111101
1368 316 1427 385 ar
1445 317 1719 388 srnacnca

2102 314 2169 391 did

1187 508 1283 573 siene
1296 513 1325 586 ⁴)
1359 509 1618 589 desiderabitur,
1651 510 1758 594 parati
1788 529 1903 574 sumus
1936 506 2088 576 latiorem
2120 511 2168 577 in·

1184 590 1431 760 {orbpstippem
1466 594 1540 661 Dee
1573 592 1724 673 volente,
1762 595 1854 660 iuxta
1893 597 2078 682 scripturas
2111 617 2168 661 ex·

1210 700 1220 743 ι
1265 701 1312 743 re.
2024 694 2027 711 ¹

1273 816 1464 884 Caesareae
1485 815 1615 882 lllaiest.
1638 816 1682 883 V.

1666 933 1855 1021 secernet
1877 955 2011 1021 sanant.

1295 1103 1439 1173 loannes
1462 1108 1529 1173 dux
1551 1108 1717 1173 Saxoniae
1738 1106 1887 1174 Elector.

1295 1194 1462 1280 Georgius
1485 1193 1635 1260 biarchio
1658 1194 2005 1280 Brandenburgensis.

1295 1280 1460 1345 Ernestus
1482 1283 1548 1345 dux
1570 1280 1855 1365 Luneburgcnsis.

1296 1362 1468 1452 Philippus
1490 1365 1722 1453 Landgreuius
1744 1365 1941 1431 llessornm.

1296 1452 1440 1516 loannes
1462 1453 1652 1518 Fridericus
1675 1453 1744 1517 dux
1767 1451 1944 1517 Saxoniae.

1297 1538 1501 1603 Franciscus
1524 1540 1590 1604 dau
1612 1538 1898 1624 bureburgensis.

1293 1619 1508 1711 Volsgangus
1524 1630 1552 1707 ⁶)
1576 1624 1737 1708 Princeps
1759 1629 1803 1688 ab
1825 1619 1962 1695 Anhalt.

1298 1710 1444 1776 Senatus
1466 1710 1752 1796 Magistratusque
1773 1709 2057 1796 Nurnbergensis.

1299 1796 1445 1862 Senatus
1468 1794 1730 1884 lieutlingensis.

1260 2088 1356 2138 teriam
1373 2096 1529 2154 potestatem
1546 2089 1758 2155 interpretandae
1776 2088 1929 2154 scripturae,
1947 2088 2042 2139 deinde
2058 2098 2174 2155 potesta·

1261 2169 1312 2207 tem
1330 2158 1484 2209 instituendi
1503 2159 1601 2221 cultus,
1626 2159 1719 2229 tertio),
1744 2156 1853 2223 Regiam
1875 2164 2031 2222 pensarem
2054 2158 2174 2211 larenda-

1260 2242 1317 2276 rum
1334 2228 1430 2292 legum.
1465 2228 1506 2279 Ita
1524 2229 1713 2277 transformant
1729 2227 1874 2277 Ecclesiam
1891 2231 1919 2277 in
1942 2225 2082 2278 humanam
2104 2230 2173 2293 poli·

1260 2297 1333 2358 tiam,
1356 2298 1545 2362 imaginantur,
1572 2306 1601 2346 ut
1627 2298 1655 2345 in
1681 2311 1772 2359 reguo,
1790 2297 1916 2361 Princeps
1943 2306 1989 2347 aut
2010 2297 2105 2348 Pretor
2133 2305 2176 2348 est

1261 2365 1328 2428 legis
1355 2367 1495 2432 interpres,
1525 2374 1552 2415 et
1575 2375 1604 2415 nt
1628 2366 1752 2430 Princeps
1769 2365 1849 2415 habet
1869 2372 2026 2432 potestatem
2048 2366 2175 2417 ferendae

1261 2449 1347 2484 nouae
1365 2437 1443 2498 legis,
1461 2437 1499 2485 ita
1516 2438 1543 2484 in
1561 2436 1680 2484 Ecclesia
1703 2442 1824 2498 oportere
1848 2434 1958 2485 similem
1983 2450 2039 2485 esse
2062 2436 2174 2500 Episco-

1260 2517 1353 2568 porum
1370 2512 1535 2569 potestatem.
1570 2503 1627 2553 Nec
1645 2505 1738 2553 ueluut
1760 2504 1908 2553 Ecclesiam
1931 2506 2009 2555 mutis
2027 2506 2124 2567 literis,
2146 2512 2175 2554 ut

1263 2573 1361 2635 dicunt,
1380 2573 1570 2638 Prophetarum
1589 2582 1615 2621 et
1632 2573 1820 2637 Apostolorum
1844 2574 1999 2637 gubernari,
2023 2588 2090 2639 quae
2116 2589 2175 2623 cum

1262 2641 1392 2690 interdum
1411 2657 1464 2691 non
1481 2643 1546 2692 satis
1565 2642 1699 2705 explicent
1717 2657 1749 2692 ea
1775 2658 1842 2708 quae
1864 2649 2022 2708 proponunt,
2045 2643 2174 2707 ambigui-

1261 2717 1301 2758 tas
1319 2712 1386 2775 parit
1404 2712 1580 2761 dissensiones
1597 2726 1629 2760 ac
1648 2711 1803 2763 discordias.
1835 2711 2006 2763 contendunt
2021 2713 2175 2778 igittrropus

1263 2793 1321 2829 esse
1339 2795 1405 2829 uoce
1423 2781 1497 2843 regia
1513 2795 1559 2828 seu
1577 2782 1692 2844 pretoria
1698 2815 1707 2842 ,
1730 2770 1854 2846 scriptum
1876 2780 2025 2845 ambiguum
2048 2783 2174 2846 interpre-

1263 2855 1345 2899 taute.
1380 2850 1415 2897 Et
1441 2851 1491 2899 nisi
1521 2849 1582 2897 haio
1607 2850 1816 2914 interpretationi
1849 2852 1998 2900 necessario
2030 2851 2176 2916 parendum

1262 2926 1338 2979 esset,
1367 2918 1465 2967 nullum
1493 2918 1552 2968 iore
1580 2920 1817 2968 controuersiarum
1842 2928 1868 2968 et
1894 2920 2062 2969 dissidiorum
2087 2919 2174 2971 linem.

1261 2985 1342 3045 Item,
1360 2988 1418 3036 Nisi
1441 3003 1491 3052 pre
1518 2995 1664 3052 temporum
1689 2989 1792 3038 ratione
1819 2990 1890 3052 leges
1918 2989 2032 3038 condere
2058 2995 2175 3054 possent,

1261 3057 1345 3119 qualis
1364 3063 1432 3105 esset
1449 3047 1559 3115 α’ταξία.
1595 3056 1668 3105 Η110
1686 3058 1773 3106 uerbis
1791 3066 1925 3121 ornantur,
1941 3067 1968 3110 et
1985 3065 2045 3108 suat
2061 3052 2175 3119 medensi,

1261 3126 1323 3189 quia
1339 3133 1398 3175 sunt
1415 3126 1528 3176 imitatio
1547 3127 1718 3176 humanarum
1736 3127 1895 3190 politiarum.
1929 3127 1965 3176 Et
1981 3127 2030 3177 hae
2048 3127 2175 3190 imagina-

1261 3196 1346 3243 tiones
1365 3196 1486 3244 omnibus
1504 3196 1633 3245 aetatibus
1651 3196 1714 3244 inda
1733 3210 1814 3260 usqne
1832 3197 1865 3246 ab
1884 3197 1961 3245 initio
1980 3196 2175 3245 muudinocue·

1260 3271 1322 3313 ruut
1343 3264 1493 3325 Ecclesiae,
1517 3271 1543 3312 et
1568 3279 1670 3329 semper
1696 3267 1835 3321 rrooebunt.
1872 3265 1935 3315 Ideo
1957 3265 1992 3332 pii
2016 3264 2176 3315 admonendi

1261 3340 1331 3393 sunt,
1350 3349 1384 3382 ne
1401 3332 1443 3382 his
1461 3335 1594 3399 prestigijs
1612 3336 1757 3398 capiantur,
1792 3332 1863 3382 Deua
1881 3335 1937 3383 unlt
1953 3334 2099 3383 Ecclesiam
2118 3333 2176 3395 regi

1260 3415 1307 3449 sno
1338 3403 1418 3451 uerbo
1446 3404 1542 3453 tradito
1569 3418 1616 3467 par
1643 3403 1777 3454 Christum
1802 3409 1828 3451 at
1854 3404 2014 3467 Apostolos,
2041 3403 2077 3452 Et
2108 3402 2176 3452 haue

1260 3485 1333 3519 suam
1352 3486 1444 3519 nocem
1462 3473 1518 3520 uult
1542 3487 1637 3520 serrare
1655 3487 1701 3536 per
1719 3473 1861 3523 ministros.
1890 3473 1925 3521 Et
1941 3486 2087 3536 quanquam
2104 3472 2174 3535 sapi·

1261 3542 1358 3588 entiam
1378 3541 1496 3589 continet
1514 3542 1627 3604 positam
1652 3550 1727 3599 extra
1754 3550 1920 3606 conspectum
1941 3543 2065 3603 rationis,
2088 3546 2176 3590 tamea

1259 3608 1318 3673 ipse
1344 3623 1428 3659 sermo
1459 3610 1627 3674 propheticus
1652 3620 1679 3658 et
1703 3611 1874 3673 Apostolious
1899 3618 1983 3660 certus
2010 3616 2052 3659 est
2072 3615 2099 3658 et
2121 3623 2176 3658 nen

1262 3679 1408 3741 ambiguus,
1425 3676 1490 3728 Ideo
1508 3680 1546 3727 ait
1559 3678 1659 3738 Petrus,
1677 3677 1758 3728 Recte
1776 3681 1861 3729 facitis
1880 3680 2042 3729 attendentes
2059 3679 2177 3728 sermoni

1261 3748 1427 3813 prophetico,
1454 3755 1577 3813 tanquam
1603 3748 1727 3796 lacernae
1761 3748 1790 3798 iu
1818 3749 1942 3799 tenebris.
1984 3749 2071 3798 Habet
2097 3748 2176 3797 etlam

1261 3817 1381 3866 Ecclesia
1398 3817 1495 3866 donum
1519 3818 1757 3880 interpretationis,
1781 3818 1809 3866 id
1832 3828 1886 3879 cst,
1908 3819 2067 3868 intellectum
2091 3816 2175 3866 coele·

1261 3888 1310 3935 atis
1332 3887 1475 3947 doctrinae,
1494 3887 1547 3939 Sed
1565 3888 1593 3934 id
1611 3888 1708 3935 donum
1726 3901 1780 3935 non
1799 3894 1840 3935 est
1858 3888 1994 3951 alligatum
2010 3888 2045 3936 ad
2064 3886 2175 3951 Episco-

1262 3971 1355 4020 porum
1373 3955 1474 4004 titulum
1493 3964 1539 4006 aut
1560 3955 1694 4017 ordinem,
1717 3955 1782 4004 Ideo
1806 3971 1967 4022 nequaquam
1996 3963 2036 4005 est
2058 3962 2176 4021 potestas

1261 4025 1452 4089 interpretandi
1472 4025 1564 4074 similis
1588 4026 1677 4088 regiae
1707 4032 1734 4074 et
1762 4026 1927 4089 praetoriae,
1956 4025 2004 4074 sed
2031 4024 2126 4074 eruditi
2147 4025 2176 4074 ia

1261 4094 1342 4144 uerbo
1361 4094 1412 4144 Dei
1431 4100 1458 4143 et
1480 4095 1564 4144 renat-l
1585 4095 1678 4158 spiritu
1700 4088 1792 4145 sancto
1816 4095 1963 4160 ubicunque
1986 4104 2060 4155 sunt,
2082 4094 2177 4143 adsum

1262 4165 1362 4213 tiuntur
1379 4162 1461 4213 uerbo
1478 4163 1539 4226 Dei,
1557 4171 1583 4213 et
1600 4164 1628 4213 id
1647 4163 1811 4228 intelligunt,
1829 4165 1873 4229 ulij
1893 4165 1990 4228 magis,
2014 4164 2058 4229 atrj
2082 4163 2175 4215 mlum.

1261 4234 1335 4296 Ergo
1354 4234 1496 4297 prudenter
1515 4235 1547 4282 dc
1564 4233 1617 4282 illis
1637 4234 1712 4282 uallis
1730 4233 1880 4299 pontificiae
1901 4235 2034 4300 potentiae
2058 4232 2176 4291 ludicen·

1263 4303 1324 4352 dum
1342 4311 1390 4353 est.
1427 4302 1468 4351 De
1490 4302 1592 4367 legibus
1618 4302 1732 4352 breuiter
1756 4303 1821 4352 dicit
1841 4302 1951 4364 Petrus,
1969 4299 2042 4362 Quid
2068 4302 2175 4352 11111111

1261 4371 1346 4423 Deum
1364 4375 1528 4437 imponentes
1546 4374 1634 4436 iugum
1652 4380 1703 4424 etc.
1955 4391 1961 4398 ·

1208 4611 1239 4673 s)
1256 4610 1433 4678 voroangus]
1451 4614 1489 4664 sa
1505 4611 1589 4664 aures.
1609 4617 1632 4667 1.
1650 4615 1677 4666 a.
1696 4616 1736 4674 aa
1756 4611 1806 4663 su.
1825 4613 1867 4666 a:
1886 4608 2070 4676 vennenses
2150 4602 2153 4608 ’
