4642 5594
759 317 800 385 ll.
843 314 885 384 E.
928 315 1177 413 consessio
1199 312 1476 383 ausbertus
1498 313 1612 381 ll’SA.

972 556 1399 649 arruoovsn

188 705 195 724 ⁸
269 719 349 800 2)Η1
373 731 449 784 suot
474 713 810 801 praecipoiarticuli,
839 715 893 797 qui
922 713 1076 777 ridentur
1104 712 1161 776 ha·
1209 709 1344 779 fuerunt
1377 713 1419 777 de
1445 710 1680 796 indulgentijs,
1714 711 1756 773 dc
1783 730 1865 793 perc
1889 712 2125 791 rinationibus,
2149 716 2191 779 de

181 808 260 874 bere
284 805 565 881 controuersiam,
597 821 785 886 quanquam
821 800 907 864 eninr
937 799 978 864 dc
1009 797 1161 882 pluribus
1210 802 1318 865 abusu
1348 797 1709 864 excommunicationis.
1759 732 1942 862 perediae
1970 796 2193 882 multipliciter

181 893 343 958 abusibus
367 893 431 954 dici
455 900 603 973 poterat,
637 881 763 961 taoieu,
794 898 830 949 vt
863 884 1056 971 sugeremus
1086 905 1161 968 pro·
1209 887 1419 952 vexabantur
1440 906 1500 967 per
1522 883 1756 949 stationarios.
1789 882 1981 957 infinitae⁸t
2005 888 2189 952 contentio·

181 975 357 1052 lisitatcur,
389 978 566 1058 praecipua
601 971 765 1055 complexi
797 991 930 1049 suerrus,
964 991 1005 1034 ex
1040 972 1160 1057 quibus
1210 991 1271 1036 nes
1294 981 1389 1035 eraut
1414 970 1605 1035 Pastoribus
1637 989 1710 1033 cum
1740 966 1932 1052 Monachus,
1963 970 2005 1034 de
2032 971 2101 1036 iure
2130 973 2193 1038 l'a·

183 1076 316 1129 caetera
339 1060 437 1125 facilc
464 1062 602 1124 iudicari
633 1070 785 1142 possunt.
832 1057 974 1142 biegnae
1005 1055 1177 1147 querelae⁸
1211 1055 1363 1135 rochiali,
1388 1058 1430 1121 de
1452 1052 1733 1130 confessionibus,
1756 1057 1798 1120 de
1819 1054 2012 1140 sepulturis,
2036 1058 2078 1119 dc
2096 1070 2192 1124 extra

183 1219 384 1233 -uu—o—

182 4636 375 4649 —————-

208 1364 217 1380 ,
251 1321 366 1370 Christo.
402 1321 474 1369 Haec
491 1320 623 1368 seuwutia
646 1318 708 1366 satis
734 1318 824 1380 dccet,
846 1316 965 1366 homiues
990 1330 1044 1365 nou
1068 1316 1162 1365 mereri

251 1391 430 1439 remissionem
448 1396 612 1452 peccatorum
630 1387 744 1453 proprijs
762 1386 882 1451 operibus
900 1387 942 1435 uel
961 1386 1065 1436 diuinae
1084 1386 1161 1449 legis,

251 1460 291 1507 uel
310 1459 479 1507 traditionum
496 1457 673 1506 humanarum.

285 1527 337 1593 Alij
357 1525 493 1587 admoniti,
512 1532 635 1587 qnanmm
652 1527 749 1590 primus
767 1523 808 1574 hic
827 1538 901 1572 error
924 1522 1020 1572 habeat
1043 1522 1160 1572 absurdi·

251 1599 317 1664 tatis,
335 1598 463 1659 incipiunt
481 1594 651 1645 uerecundius
670 1595 742 1657 loqui
761 1593 794 1641 de
818 1593 1019 1653 traditionibus,
1044 1592 1099 1643 Sed
1123 1599 1161 1642 ta·

250 1680 308 1714 men
328 1679 441 1713 errorem
460 1678 513 1712 non
532 1662 694 1713 tolerandum
718 1663 847 1723 retinent,
869 1663 960 1713 dicunt
984 1661 1047 1710 haec
1072 1675 1161 1725 opera,

251 1736 299 1784 etsi
317 1749 370 1782 non
388 1740 521 1782 merentur
538 1733 718 1780 remissionem
736 1740 909 1795 peccatorum,
927 1740 1015 1779 tamen
1033 1744 1089 1779 esse
1108 1730 1161 1778 eul-

251 1810 291 1850 tus
310 1801 369 1862 Dei,
389 1801 415 1851 id
434 1810 481 1863 est,
500 1816 589 1865 opera,
609 1815 717 1865 quorum
734 1800 794 1849 finis
813 1802 847 1849 sit
868 1800 1045 1862 immediatus,
1069 1806 1098 1847 ut
1115 1813 1161 1863 per

251 1882 282 1920 ea
306 1870 378 1921 Deus
405 1871 506 1919 honore
532 1870 677 1920 adficiatur.
714 1870 849 1917 Acerrime
876 1869 1047 1916 resistendum
1075 1877 1114 1916 est
1137 1873 1162 1915 et

249 1940 312 1989 huic
332 1941 423 2001 errori,
443 1939 561 1990 Christus
580 1942 648 1988 enim
666 1947 755 2001 aperte
775 1939 847 1986 dicit.
884 1939 989 1986 Frustra
1012 1937 1161 1997 coluntme
1185 1968 1187 1993 ,

248 2009 377 2057 mandatis
396 2009 537 2058 hominum.
567 2008 603 2056 Et
619 2007 715 2058 Paulus
739 2022 861 2069 expresse
885 2007 989 2055 damrtat
1012 2002 1160 2072 ldeiodpp-
1184 1998 1187 2112 Ι

249 2080 328 2132 osius
353 2077 386 2126 ad
406 2078 587 2128 Colossauses.
623 2074 734 2125 Etcum
754 2082 875 2138 oporteat
893 2076 975 2123 cultus
994 2075 1045 2123 Dei
1064 2077 1091 2124 in
1109 2075 1161 2124 fide

201 2194 204 2199 ,
247 2145 313 2207 fleri,
334 2159 439 2194 necesse
459 2153 497 2194 est
514 2160 562 2193 uos
577 2144 673 2195 hahere
685 2144 738 2201 Dei
753 2145 867 2204 uerbum,
886 2144 956 2208 (prad
973 2151 1082 2193 testetur
1095 2158 1160 2206 opus
1183 2119 1187 2223 ἶ

247 2215 306 2266 Deo
326 2215 439 2279 placere.
470 2213 608 2274 Quomodo
625 2214 693 2263 'euim
711 2221 798 2278 potest
814 2215 973 2262 couscientia
991 2213 1050 2261 Deo
1066 2213 1160 2261 offerre
1184 2246 1186 2283 ἱ

175 2342 177 2347 ,
253 2298 326 2351 opus,
337 2285 359 2332 si
370 2299 422 2333 non
437 2290 508 2332 extet
525 2300 577 2332 uox
587 2282 647 2346 Dei,
658 2298 723 2345 quae
734 2283 855 2332 ostendat
865 2282 947 2330 Derim
966 2283 1003 2330 sic
1013 2282 1081 2331 uelle
1099 2283 1160 2341 ccli,
1182 2286 1186 2391 Ι

248 2352 314 2402 uelle
333 2353 383 2403 hoc
402 2353 502 2402 honore
521 2352 606 2402 adfici.
642 2351 695 2401 Scd
712 2351 780 2400 hano
800 2353 831 2400 de
850 2351 901 2399 fide
919 2350 1064 2400 doctrinam
1088 2351 1158 2415 impij

171 2482 179 2489 ⁸
247 2419 367 2471 homines
385 2439 439 2471 uon
457 2422 648 2485 intelligentes,
667 2423 786 2471 amitibus
805 2421 897 2469 seculis
923 2421 1057 2470 horrenda
1080 2420 1159 2469 anda
1182 2402 1186 2501 Ι

248 2493 289 2543 cia
307 2490 439 2540 fluxerunt
462 2491 560 2552 cultus,
585 2490 641 2539 siue
666 2491 787 2539 uraudato
813 2498 838 2537 ct
855 2490 936 2538 uerbo
955 2490 1019 2553 Dei,
1047 2490 1117 2553 qaod
1137 2490 1160 2538 si
1182 2504 1186 2522 ⁴

247 2560 304 2615 fieri
322 2561 396 2622 licet,
421 2576 474 2609 non
497 2566 582 2624 potest
605 2556 670 2609 dici'
686 2574 779 2621 cansa,
805 2575 850 2607 cur
875 2574 928 2609 nou
954 2561 1075 2624 placeant
1099 2559 1158 2607 Dco

207 2626 210 2631 ’
248 2628 362 2678 Ethuioa
380 2629 518 2692 sacrificia,
536 2622 708 2679 mactationes
733 2643 832 2690 cauum,
852 2628 953 2677 hostiae
971 2630 1158 2691 lampsacenae,

248 2705 274 2747 et
302 2699 354 2749 alia
380 2707 509 2762 portenta.
547 2696 605 2758 Quo
633 2700 686 2747 ruit
712 2697 827 2747 huniana
856 2698 966 2747 arrducia
994 2713 1047 2747 nou
1075 2699 1161 2747 solum

248 2767 316 2833 apud
333 2767 468 2829 Etlmicos,
487 2769 513 2817 in
532 2767 659 2830 lingendis
679 2766 802 2828 cultibus,
828 2767 873 2815 sed
897 2767 974 2815 etium
1002 2769 1029 2816 in
1052 2765 1159 2816 Pantili-

249 2838 291 2887 eio
312 2845 388 2885 coetu
407 2836 563 2900 excogitatis
582 2837 693 2886 subinde
712 2838 786 2886 notris
807 2842 832 2883 ct
850 2835 968 2886 absurdis
996 2837 1160 2900 ceremonijs,

247 2906 275 2958 in
296 2907 461 2956 inuocatione
487 2912 665 2968 rnortuorum,
695 2907 721 2954 in
749 2898 919 2954 auerteratiouc
949 2912 1109 2964 sanctorum,
1134 2906 1161 2953 in

192 3036 195 3041 Ι
231 2973 436 3039 ¹Monacliorum
453 2971 646 3041 βαιτολογίαις.
672 2972 757 3024 Simus
775 2974 855 3037 igitur
867 2974 1005 3034 uigilantes
1022 2973 1073 3022 lroc
1090 2973 1160 3033 loco,

247 3058 295 3094 nec
314 3046 427 3093 sinamus
446 3044 571 3108 Ecclesijs
588 3043 692 3092 obtrudi
710 3044 795 3106 leges,
815 3057 880 3105 quac
907 3049 1056 3106 proponunt
1080 3057 1161 3105 opera

248 3114 303 3164 sine
330 3114 455 3161 mandato
480 3111 543 3173 Dei,
571 3119 692 3176 tauquam
724 3114 804 3161 cultus
828 3120 853 3159 et
880 3110 1004 3161 iusticias.
1041 3110 1076 3159 Et
1102 3126 1160 3160 cum

183 3184 186 3188 ’
245 3181 312 3232 hanc
332 3183 364 3230 de
383 3182 492 3230 cultibus
511 3182 661 3245 opinionem
680 3189 787 3229 assuant
805 3194 894 3227 omncs
910 3181 1063 3244 aduersarij,
1081 3181 1159 3230 etiarn

247 3252 291 3318 qui
311 3251 526 3299 {uerecundissiure
547 3250 693 3314 loquuntur,
720 3250 830 3297 seirannus
850 3251 920 3309 prium
940 3265 1004 3311 opus
1025 3264 1096 3310 esse,
1120 3264 1159 3297 re·

247 3321 368 3382 clamarre,
389 3331 414 3368 et
432 3320 576 3367 uiolatione
600 3320 688 3367 talium
712 3319 878 3366 traditionum
905 3320 1050 3383 caenrplum
1074 3325 1158 3367 osten·

247 3389 317 3450 dere,
347 3402 380 3438 ex
408 3404 459 3451 quo
486 3388 521 3452 pij
549 3388 664 3447 discant,
690 3388 752 3451 quid
776 3388 938 3434 sentiendum
956 3388 998 3437 sit.
1035 3387 1109 3437 Sicut
1127 3389 1158 3436 de

247 3458 336 3508 Attalo
357 3458 448 3505 scribit
465 3456 602 3518 Eusebius,
623 3458 745 3505 diuinitus
765 3457 863 3504 iussum
882 3471 946 3516 csse,
965 3465 993 3505 ιιι
1011 3458 1085 3506 alteri
1105 3458 1158 3506 cui·

248 3528 307 3578 dam
326 3528 423 3576 diceret
441 3528 556 3576 uescenti
575 3533 673 3577 tautum
697 3541 778 3591 pauc,
805 3527 872 3584 sale,
891 3534 917 3574 ct
934 3542 1014 3590 atpua,
1041 3535 1069 3576 ut
1093 3526 1159 3576 cibis

248 3596 427 3648 communibus
446 3602 568 3656 uteretur,
586 3611 619 3644 ne
638 3596 695 3661 ulijs
714 3610 829 3647 errorem
848 3595 1003 3646 oliimderet.

281 3666 366 3717 Porro
392 3665 435 3714 hic
459 3664 586 3714 sccundus
612 3681 699 3728 error,
727 3666 758 3713 de
782 3665 865 3724 cultu,
895 3666 946 3713 late
972 3672 1082 3729 uagatus
1111 3672 1157 3715 est.

247 3733 325 3784 Multi
353 3735 419 3782 eninr
439 3735 464 3782 in
488 3735 606 3783 Ecclesia
631 3735 730 3797 decepti
755 3743 814 3782 suut
837 3731 991 3793 κακοζηλία.
1028 3734 1159 3783 Louitica·
1182 3700 1186 3779 Ι

247 3819 303 3853 rum
322 3803 536 3864 ceremoniarum,
554 3819 584 3851 ac
602 3810 759 3867 putauerunt
778 3804 804 3851 in
824 3816 893 3851 norro
904 3803 1071 3854 'l'cstanrento
1082 3818 1158 3868 opor·
1182 3786 1186 3855 Ι

247 3880 303 3922 tere
322 3873 417 3921 similes
437 3874 538 3935 aliquos
557 3873 620 3920 ritus
639 3886 705 3933 esse,
725 3879 750 3919 et
768 3871 816 3919 hos
838 3886 893 3919 esse
918 3874 1001 3921 cultus
1024 3872 1089 3935 Del,
1113 3887 1158 3922 seu
1183 3875 1186 3919 1

194 3935 197 3939 ’
247 3956 289 3992 res
309 3956 354 4007 per
373 3958 436 4007 quas
454 3942 519 3989 uelit
536 3940 607 3989 Deus
626 3957 653 3988 se
671 3941 770 3990 honoro
789 3941 878 4003 adfici,
904 3950 929 3989 et
952 3942 1069 3991 iusticias
1093 3957 1158 3991 esse.
1182 3922 1186 3999 Ι

246 4012 363 4074 Ideoque
382 4011 527 4060 tribuerunt
545 4010 684 4074 Episcopis
703 4012 869 4059 austeritatem
887 4012 952 4059 talcs
971 4012 1037 4061 ritus
1057 4017 1082 4060 et
1106 4012 1159 4060 cul·
1183 4012 1186 4083 ζ

248 4089 289 4132 tus
316 4080 476 4129 instituendi.
522 4079 598 4128 Hunc
629 4078 807 4128 l’harisaicuru
845 4093 958 4128 errorem
989 4079 1107 4130 Christos
1134 4087 1160 4130 et

247 4151 370 4216 Apostoli
395 4155 531 4209 taxarunt,
555 4149 597 4211 qui
623 4148 718 4197 doeent
743 4149 825 4196 cultus
849 4148 875 4196 in
902 4163 971 4198 nouo
990 4148 1158 4199 Testamenta

249 4234 304 4271 esse
321 4220 520 4284 poeniteutiam,
544 4220 662 4267 timorem
680 4216 745 4279 Dei,
763 4216 856 4279 fidem,
880 4225 905 4265 et
930 4233 1011 4283 opera
1029 4219 1159 4282 decalogi,

248 4295 277 4339 ut
294 4288 389 4339 Paulus
408 4288 498 4352 iuquit.
533 4284 652 4351 Regnum
672 4287 723 4337 Dei
741 4301 794 4335 non
813 4293 853 4336 est
870 4301 930 4336 esca
952 4296 978 4336 et
1000 4294 1089 4352 potus,
1112 4289 1160 4338 scd

248 4359 352 4409 iusticia
370 4365 393 4406 et
412 4372 464 4422 pax
483 4364 509 4407 et
527 4358 650 4419 gaudium
669 4358 695 4404 iu
714 4357 806 4421 spiritu
825 4364 924 4406 sancto.
963 4355 1014 4417 Qui
1041 4358 1110 4409 enim
1133 4359 1160 4406 iu

248 4428 289 4477 his
308 4429 387 4477 sentit
405 4428 525 4487 Christo,
542 4428 629 4490 placet
646 4425 720 4485 Deo,
745 4432 771 4473 et
795 4425 919 4488 probatus
938 4432 978 4474 est
1001 4427 1157 4476 homiuibus.

247 4496 373 4547 Monaehi
393 4511 421 4546 se
439 4496 573 4544 Nazareos
601 4510 658 4544 esse
680 4495 830 4558 tingebant,
847 4495 993 4545 sacrificuli
1016 4511 1065 4560 pro
1091 4511 1160 4546 mor-

198 4737 228 4803 1)
246 4736 386 4802 Epilogus]
404 4734 467 4786 bezec
483 4736 624 4801 irueriptio,
642 4752 705 4802 quoe
722 4737 748 4785 in
765 4735 850 4785 Editt.
872 4739 895 4789 1.
913 4736 939 4788 2.
958 4738 984 4790 3.
1010 4736 1116 4802 lepitar,
1134 4738 1161 4785 s'u

248 4807 297 4857 Ed.
318 4811 342 4858 4.
362 4807 453 4855 otniasc
471 4811 515 4855 est.
824 4841 826 4845 .

196 4927 227 4992 2)
246 4926 281 4975 Hi
302 4934 360 4975 sunt
378 4927 508 4991 praecipui
527 4925 638 4984 articuli,
657 4950 690 4961 -
710 4952 742 4965 -·
760 4925 835 4985 Deo,
853 4926 973 4987 volente,
999 4927 1073 4974 iusta
1098 4928 1160 4975 scri·

249 5002 337 5058 pturas
357 4996 503 5058 exhibere]
522 4995 558 5043 sic
575 4992 616 5042 liic
632 4994 759 5057 Epilogus
779 4997 804 5041 ia
821 4996 902 5045 Editt.
923 5000 946 5048 l.
966 4998 990 5047 2.
1009 4997 1034 5047 3.
1061 4994 1159 5046 erdibe.

249 5071 304 5182 {pla
322 5066 348 5112 in
364 5064 416 5114 Ed.
433 5067 459 5117 4.
477 5079 549 5126 cero,
568 5066 657 5113 urreisan
674 5065 841 5130 inscriptione,
857 5081 904 5131 pro
921 5066 973 5115 illis
991 5065 1086 5133 scripta
1105 5071 1160 5115 sarit
1200 5124 1203 5128 Δ

285 5148 352 5183 ecce:

286 5236 423 5300 Complcxi
450 5250 536 5285 surmus
565 5250 690 5284 summam
713 5235 847 5285 doctrinae
870 5235 1047 5300 Euangelicae
1069 5250 1160 5286 neces·

1280 1318 1330 1366 tuis
1348 1315 1533 1377 sacrificantes,
1552 1316 1685 1380 tingebant
1702 1331 1730 1366 se
1747 1319 1844 1367 imitari
1862 1317 2015 1367 eberonem
2032 1319 2191 1369 offerentem.

1279 1384 1334 1436 Sed
1352 1385 1417 1436 haec
1434 1386 1554 1450 exempla
1572 1402 1626 1435 nou
1649 1388 1816 1437 conueniunt.
1851 1385 2042 1437 Monachcrum
2066 1390 2144 1449 ritus,
2164 1399 2190 1440 et

1280 1455 1404 1505 uenditae
1421 1454 1624 1504 sacrificulorum
1642 1455 1739 1505 Missae
1756 1457 1856 1504 nullum
1879 1456 1978 1506 habent
2000 1457 2107 1507 uerbum
2129 1457 2190 1521 Dei,

1279 1524 1336 1574 Imo
1354 1524 1486 1576 admixtae
1503 1533 1564 1588 suut
1581 1525 1677 1574 multae
1695 1525 1822 1575 absurdae
1841 1526 1987 1589 opiniones,
2008 1542 2072 1589 quas
2097 1526 2122 1575 in
2140 1526 2190 1576 Ec-

1280 1595 1358 1643 clesia
1376 1592 1464 1644 taxari
1476 1607 1584 1643 necesse
1603 1601 1649 1643 est.

1314 1663 1418 1713 Tertius
1446 1677 1520 1712 error
1545 1670 1586 1711 est
1611 1664 1702 1727 opinio
1727 1664 1903 1725 ucoessitatis,
1931 1661 1990 1722 Qua
2016 1665 2194 1728 imaginentur

1278 1732 1422 1783 Ecclesiam
1444 1746 1501 1782 esse
1528 1733 1639 1782 similem
1665 1734 1757 1783 ceteris
1784 1732 1883 1797 politijs
1910 1733 2046 1794 humanis,
2074 1737 2193 1797 cogitant

1279 1816 1388 1866 reguum
1407 1815 1461 1850 esse
1479 1801 1506 1850 iu
1525 1816 1576 1866 quo
1595 1801 1716 1867 Episcopi
1736 1809 1764 1851 ut
1781 1800 1883 1865 Reges,
1900 1810 2055 1866 potestatem
2081 1804 2194 1853 babeant

1279 1871 1411 1922 condendi
1429 1871 1500 1934 leges
1519 1886 1600 1920 nouas
1621 1878 1696 1920 extra
1718 1872 1904 1935 Euangelitrm,
1930 1880 1956 1919 et
1979 1871 2018 1920 his
2044 1872 2191 1921 necessario

1279 1940 1454 1988 obediendum
1473 1954 1543 2000 esse,
1562 1942 1630 1988 eiciat
1648 1939 1749 2004 Regum
1771 1939 1874 2003 legibus
1898 1942 2045 1990 necessario
2069 1941 2193 1990 obedien·

1279 2009 1339 2057 dum
1358 2018 1410 2068 est,
1435 2010 1570 2073 presertim
1596 2025 1653 2058 cum
1677 2009 1740 2057 haec
1759 2011 1815 2058 uita
1842 2009 1973 2057 homiuum
2002 2025 2090 2060 carere
2118 2025 2188 2059 cere·

1277 2079 1372 2141 monijs
1391 2093 1444 2126 non
1461 2080 1552 2141 possit.
1588 2078 1623 2127 Et
1640 2077 1704 2127 haec
1723 2079 1812 2141 opinio
1831 2080 1993 2128 necessitatis
2017 2094 2095 2144 saepe
2123 2081 2191 2129 cxci·

1277 2147 1342 2196 tauit
1361 2149 1512 2209 certamina,
1530 2147 1591 2195 dum
1615 2162 1675 2195 siros
1698 2149 1804 2211 quisque
1830 2148 1894 2195 ritus
1917 2147 2043 2197 humanos
2068 2158 2191 2212 tanquam

1276 2216 1438 2265 necessarios
1458 2215 1583 2265 defendit.
1619 2213 1672 2266 Sed
1690 2214 1806 2264 Christus
1826 2223 1851 2264 et
1869 2216 1992 2281 Apostoli
2011 2218 2106 2266 docent
2125 2219 2190 2267 tales

1276 2286 1340 2333 ritus
1358 2285 1414 2333 sine
1431 2283 1555 2334 mandato
1574 2285 1625 2334 Dei
1643 2287 1801 2349 propositos,
1819 2298 1873 2334 uon
1897 2285 2034 2335 habendos
2063 2301 2118 2335 esse
2143 2302 2189 2350 pro

1276 2354 1351 2401 rebus
1370 2357 1532 2419 necessarijs.
1568 2353 1668 2403 Contra
1685 2355 1753 2403 hane
1771 2356 1920 2404 libertatem
1938 2358 2064 2405 sancitam
2083 2363 2109 2402 et
2127 2370 2189 2405 eon·

1277 2423 1393 2472 stitutum
1411 2424 1549 2472 autoritate
1568 2423 1664 2484 diuina,
1682 2437 1736 2472 non
1755 2432 1794 2472 est
1810 2424 1963 2485 recipienda
1986 2426 2092 2489 opinio,
2117 2426 2190 2489 ‹puod

1276 2492 1384 2542 uiolatio
1403 2492 1570 2541 traditionum
1589 2492 1734 2541 mediarum
1754 2499 1827 2541 extra
1843 2507 1932 2542 casum
1949 2494 2066 2544 scandali
2085 2494 2117 2542 sit
2131 2510 2190 2557 pec·

1278 2568 1371 2612 catum.
1408 2562 1466 2611 Huc
1484 2561 1596 2626 pertinet
1620 2562 1715 2611 dictum
1740 2560 1832 2623 Pauli,
1855 2560 1940 2610 Nemo
1964 2579 2012 2612 uos
2037 2564 2136 2612 iudicet
2163 2563 2191 2611 iu
2243 2611 2245 2616 ,

1278 2631 1346 2692 cibo,
1364 2637 1438 2694 potu,
1457 2633 1558 2681 uicibus
1576 2632 1629 2681 diei
1654 2630 1715 2679 testi
1739 2637 1789 2682 etc.
1825 2628 1894 2680 Nem
1918 2632 2035 2681 iudicare
2059 2631 2192 2696 siguificat

1277 2700 1394 2763 obligare
1414 2700 1597 2762 conscientias,
1616 2706 1641 2749 et
1658 2700 1783 2749 damnare
1799 2714 1854 2750 uon
1872 2701 2088 2765 obtemperantes.
2125 2701 2190 2751 Item

1277 2769 1311 2818 ad
1329 2770 1446 2819 Galatas.
1465 2769 1491 2822 t.
1520 2770 1593 2822 State
1621 2770 1649 2819 iu
1676 2770 1810 2829 libertate,
1835 2784 1886 2833 qne
1908 2769 2027 2822 Christus
2053 2784 2100 2820 uos
2125 2771 2190 2821 libe·

1276 2840 1344 2888 rauit
1362 2845 1410 2887 etc.

1311 2907 1444 2954 Hactenus
1471 2904 1567 2954 dictum
1593 2913 1647 2966 est,
1675 2912 1801 2970 quatenus
1825 2920 1879 2954 non
1907 2906 1986 2956 liceat
2008 2915 2053 2955 aut
2076 2904 2190 2956 condere

1277 2975 1431 3032 traditiones
1449 2983 1493 3023 aut
1512 2975 1668 3037 adprobare.
1704 2974 1803 3033 Querat
1825 2975 1905 3036 igitur
1928 2976 2036 3039 aliquis,
2059 2991 2092 3025 an
2110 2977 2190 3025 uitam

1276 3043 1346 3094 hauc
1362 3043 1496 3093 hominum
1514 3046 1570 3092 sine
1590 3044 1690 3103 ordine,
1709 3045 1765 3092 sine
1784 3044 1875 3091 ritibus
1901 3058 1957 3094 esse
1981 3045 2101 3093 uelimus.
2137 3044 2189 3093 Ne·

1277 3126 1413 3177 quaquam.
1449 3111 1503 3163 Sed
1529 3113 1650 3161 docemus
1672 3120 1791 3176 pastores
1813 3126 1889 3161 ueros
1911 3112 2089 3162 Ecclesiarum
2111 3127 2190 3177 posse

1277 3183 1304 3231 in
1323 3181 1446 3245 Ecclesijs
1474 3183 1527 3230 suis
1557 3181 1675 3244 publicos
1705 3182 1771 3230 ritos
1795 3181 1945 3242 instituere,
1971 3181 2018 3230 sed
2036 3190 2136 3230 tautum
2155 3183 2189 3232 ad

1276 3250 1354 3300 linem
1380 3250 1555 3313 corporalem,
1580 3250 1631 3299 hoc
1658 3257 1712 3311 est,
1739 3250 1802 3300 boni
1831 3250 1930 3299 ordinis
1948 3264 2040 3311 eausa,
2063 3251 2191 3300 uidelicet

1276 3321 1342 3369 ritus
1360 3320 1440 3369 utiles
1457 3320 1493 3370 ad
1511 3320 1656 3369 docendam
1673 3319 1875 3380 multitudinem,
1894 3326 1923 3368 ut
1939 3326 2025 3369 certos
2044 3320 2114 3379 dies,
2133 3334 2189 3368 cer·

1275 3395 1316 3438 tas
1334 3388 1469 3448 lectiones,
1488 3395 1514 3439 et
1531 3389 1607 3453 siqua
1623 3395 1685 3436 aurit
1708 3389 1817 3450 similla,
1841 3389 1888 3437 eed
1910 3390 1966 3438 siue
1989 3388 2188 3454 supersticione,

1276 3467 1303 3508 et
1321 3460 1377 3508 sine
1396 3459 1519 3523 opinione
1543 3459 1717 3518 necessitatis,
1744 3465 1772 3506 ut
1796 3464 1857 3507 aute
1879 3457 1977 3507 dictum
2000 3466 2049 3508 est.
2084 3456 2120 3506 Et
2143 3458 2190 3507 has

1276 3527 1456 3577 ordinationes
1475 3528 1575 3577 uiolare
1594 3536 1668 3576 extra
1687 3540 1773 3576 casani
1791 3526 1917 3588 scandali,
1936 3542 1990 3577 uon
2004 3529 2112 3576 ducatur
2132 3541 2190 3576 esse

1275 3605 1425 3661 peccatum,
1448 3594 1502 3644 Sed
1529 3598 1551 3646 si
1582 3611 1641 3645 eom
1666 3595 1792 3645 scandalo
1815 3597 1961 3659 uiolentur,
1987 3596 2031 3644 uhi
2055 3596 2189 3644 Ecclesiae

1275 3675 1346 3714 recte
1365 3666 1523 3714 constitutae
1540 3673 1609 3727 suut,
1628 3679 1676 3714 nec
1695 3679 1769 3714 error
1787 3671 1827 3713 est
1844 3664 1872 3713 iu
1891 3665 2020 3725 doctriua,
2037 3664 2112 3715 Sciat
2130 3666 2188 3714 uio·

1274 3735 1333 3784 lans
1351 3734 1398 3783 tali
1416 3734 1476 3783 loco
1494 3747 1523 3783 se
1546 3747 1669 3798 peccare,
1695 3734 1757 3797 quia
1782 3733 1917 3783 Ecclesiae
1939 3742 2010 3784 recte
2035 3734 2190 3782 constitutae

1276 3803 1488 3866 tranquillitatem
1515 3804 1658 3868 perturbat,
1675 3810 1721 3852 aut
1738 3801 1805 3852 alios
1823 3817 1839 3852 a
1856 3817 1919 3852 aero
1939 3804 2083 3853 ministerio
2108 3803 2189 3853 abdu-

1276 3873 1319 3922 cit.
1356 3872 1429 3921 Ileec
1447 3874 1515 3921 ratio
1534 3872 1597 3921 satis
1615 3871 1698 3920 munit
1714 3872 1880 3921 autoritatem
1897 3873 2000 3922 utilium
2010 3871 2190 3932 traditionum,

1276 3949 1303 3991 et
1320 3956 1374 3990 non
1393 3939 1477 4005 inijeit
1493 3942 1614 4005 laqueum
1633 3940 1813 4005 consciencijS.

1310 4008 1355 4060 Sic
1371 4008 1491 4059 Ecclesia
1514 4011 1593 4061 inicio
1617 4016 1704 4058 certos
1728 4009 1783 4059 dies
1808 4009 1954 4071 ordinauit,
1978 4009 2048 4059 diem
2068 4008 2190 4059 Domini·

1276 4095 1341 4139 cum,
1358 4079 1481 4130 Natalem
1500 4077 1607 4141 Christi,
1623 4078 1722 4141 Pasca,
1738 4078 1914 4130 Pentecosten
1933 4086 1983 4128 etc.
2010 4078 2066 4128 Nee
2086 4078 2188 4141 dispen·
2249 4092 2251 4096 ·

1276 4149 1343 4199 sarrit
1360 4148 1479 4198 Ecclesia
1497 4149 1529 4196 dc
1548 4148 1683 4212 decalogo,
1701 4148 1748 4198 sed
1765 4151 1892 4199 nitrariae
1916 4149 2006 4198 diuina
2029 4148 2189 4196 ceremonias

1275 4218 1340 4282 legis
1358 4216 1491 4267 Mosaicae
1509 4216 1662 4281 abrogauit,
1682 4224 1708 4265 et
1730 4224 1817 4266 tamen
1843 4217 1969 4282 populum
1992 4217 2060 4266 scire
2083 4221 2190 4279 oportet

1277 4287 1382 4353 quaudo
1410 4286 1618 4336 conueniendum
1644 4289 1691 4349 sit,
1718 4287 1752 4336 ad
1770 4287 1957 4351 Euangeliunr,
1981 4293 2008 4335 et
2030 4284 2064 4334 ad
2088 4283 2188 4335 Christi

1278 4356 1445 4406 ceremonias.
1481 4354 1546 4405 Ideo
1563 4357 1644 4422 aliqui
1663 4357 1718 4405 dies
1738 4356 1873 4406 constituti
1893 4363 1968 4419 sunt,
1984 4357 2040 4405 sine
2058 4352 2110 4403 illis
2131 4354 2188 4418 opi·

1276 4425 1397 4474 niunibus
1416 4425 1559 4489 dequibus
1582 4440 1660 4489 supra
1683 4425 1810 4487 diximus,
1834 4426 1875 4473 Ac
1897 4432 1985 4474 manet
2007 4426 2035 4474 in
2058 4423 2188 4487 decalogo

1278 4509 1361 4557 genus
1386 4500 1415 4541 ut
1438 4493 1568 4561 aliquibus
1595 4495 1754 4558 temporibus
1784 4495 1969 4544 conueniaruns
1998 4494 2033 4543 erl
2060 4493 2125 4542 haec
2146 4493 2190 4557 pia

1064 4630 1072 4639 '
1126 4636 1129 4641 ·
1208 4633 1415 4647 ...ι-ιιι-

1278 4744 1345 4786 atras
1363 4750 1425 4785 ucrc
1445 4749 1501 4783 esse
1519 4734 1664 4783 doctrinam
1682 4735 1708 4783 in
1727 4733 1828 4797 scriptis
1842 4731 2002 4797 propheticis
2027 4740 2054 4781 et
2075 4734 2188 4795 Aposto-

1276 4807 1332 4855 liris
1363 4806 1497 4865 traditam,
1525 4811 1550 4851 et
1576 4818 1728 4852 consensum
1758 4802 1900 4852 ‹anholicae
1927 4803 2059 4852 Ecclesiae
2082 4801 2187 4859 Christi,

1278 4876 1318 4924 cni
1346 4877 1423 4923 etiam
1450 4873 1603 4922 eruditiores
1635 4872 1776 4936 scriptores
1802 4871 1980 4922 Ecclesiastiei
2011 4871 2188 4920 testimouium

1277 4959 1354 5009 saepe
1372 4943 1516 5008 perhibent.
1542 4944 1583 4992 Ac
1601 4940 1733 4990 offerinros
1752 4954 1799 4989 nos
1817 4941 1850 4989 ad
1870 4943 2068 5007 explicationem
2085 4937 2188 4999 longio-

1277 5030 1346 5073 rem,
1372 5013 1517 5076 ubicuuqoe
1546 5026 1610 5075 (ipsis
1635 5011 1692 5060 erit.
1732 5006 1840 5057 ΟιιιιιιιιιΙ
1868 5022 1955 5060 autem
1976 5012 2061 5059 Deum
2087 5015 2189 5070 tratrem

1276 5083 1384 5133 Domini
1403 5084 1486 5129 nostri
1504 5081 1563 5129 Iesu
1581 5079 1696 5140 Christi,
1715 5087 1743 5126 ut
1768 5079 1822 5142 ipse
1846 5081 1993 5130 Ecclesium
2018 5091 2106 5139 suam,
2129 5089 2187 5125 san·

1277 5154 1353 5214 goine
1372 5152 1419 5217 filij
1438 5151 1613 5214 redemptam,
1636 5148 1771 5211 gubernet,
1796 5160 1896 5212 seruet,
1922 5154 2015 5213 purget
2040 5154 2066 5196 et
2083 5152 2186 5209 augeat.

1277 5223 1371 5270 Amen.

250 5309 345 5357 sariam
363 5305 502 5371 Ecclesijs,
518 5305 576 5355 Nee
598 5306 744 5356 dubitamus
767 5305 814 5355 bas
836 5307 905 5372 ipsas
935 5305 1081 5357 sentencias
1111 5320 1160 5356 no·
1225 5303 1646 5373 3)1nilnitae1sierecteEditt.
1666 5305 1820 5369 1.2.;1ta.
1840 5301 2000 5359 calonnae
