4642 5594
743 281 785 351 ιι.
828 280 871 351 a
916 246 1165 353 conensem
1185 280 1465 354 sueusrann
1484 282 1599 352 resa
2114 286 2183 357 are

577 472 632 555 dd)
647 475 905 556 permotiones,
915 493 1023 536 vocum
1046 475 1225 556 praesertim
1247 473 1407 547 similium

581 582 633 658 ee)
652 578 896 659 depravationes
917 599 1041 650 vocum,
1073 598 1152 658 quae
1179 597 1219 638 ex
1240 578 1462 658 permutatione
1484 585 1536 641 ant
1554 578 1724 640 omissione
1741 583 1795 641 ant
1817 576 1973 642 additione
1993 578 2116 661 singula

648 664 814 728 litterarum
837 671 1030 737 ortae'sunt,
1054 673 1085 726 et
1108 662 1167 726 alii
1184 663 1299 725 calami
1319 684 1457 738 errarem
2092 699 2095 703 ·

164 821 291 885 qnorum
308 801 441 864 omnium
459 821 602 882 generum
626 800 767 884 exempla
784 821 803 864 a
819 802 989 866 Webero
1006 801 1028 863 i.
1046 802 1068 864 l.
1086 800 1110 863 l.
1132 822 1163 884 p.
1188 805 1250 864 205
1262 839 1305 849 -
1318 804 1389 864 iii.
1413 801 1586 863 afferuntur.

256 901 265 930 i
317 884 350 950 ln
372 887 423 949 his
445 888 509 949 iere
532 889 673 950 omnihus
690 896 794 951 textus
818 888 971 971 Corporis
995 887 1273 969 Brandcnharpici
1295 896 1326 950 et
1354 887 1446 949 Libri
1474 887 1688 960 Concordiae,
1716 895 1809 970 atque
1837 886 2012 951 Editionum
2041 886 2180 953 Coele·

163 974 730 1057 stinietKollonitschii‚quas
752 979 975 1057 euprepii?
999 995 1068 1057 sqq.
1093 982 1126 1038 et
1144 979 1205 1038 447
1230 993 1279 1056 sq.
1300 977 1461 1047 recensui,
1485 995 1551 1035 cum
1576 973 1696 1036 Codice
1722 975 1908 1056 Maprrntino
1933 979 2101 1048 consentit,
2124 978 2181 1038 ori·

161 1063 327 1144 ginemque
348 1081 437 1125 suam
459 1062 660 1135 demonstran
682 1069 813 1124 attamen
836 1065 914 1124 satis
932 1080 1043 1144 magua
1064 1062 1229 1124 diversitas
1248 1063 1326 1123 iuter
1347 1069 1508 1143 ntmmque
1531 1061 1691 1125 intercedit
1708 1062 1738 1122 in
1757 1061 1860 1123 hisce:

383 1207 411 1263 1.
432 1200 462 1261 in
485 1197 642 1273 dialecto,
660 1198 907 1280 orthopraplria‚
927 1202 1178 1281 intermutatione
1199 1205 1232 1262 et
1253 1200 1435 1281 quibusdam
1454 1199 1528 1261 aliis
1544 1199 1744 1275 lectionibas3

381 1306 409 1365 2.
434 1307 464 1364 in
487 1323 543 1375 eo,
566 1303 650 1384 quod
672 1301 744 1366 illae
765 1304 929 1365 Editiones
951 1303 1066 1366 hahent
1086 1302 1346 1394 ademiptioaes,
1371 1322 1450 1383 quae
1472 1300 1580 1365 Codici
1603 1302 1783 1384 Mogrrntino
1805 1324 1932 1386 prorsus
1955 1303 2075 1366 desunt

161 1436 248 1502 Haec
265 1440 388 1522 quidem
405 1442 568 1505 diversitas
585 1441 662 1503 tenti
688 1440 807 1503 ridetur
833 1461 909 1504 esse
930 1443 1091 1515 momenti,
1119 1448 1154 1503 ut
1187 1439 1269 1503 illam
1288 1441 1433 1521 originem
1467 1441 1588 1504 dubiam
1623 1441 1750 1504 reddere
1782 1444 1902 1521 possit;
1936 1443 1995 1503 sed
2028 1441 2181 1504 eiusmodi

162 1525 381 1597 dubitationem
403 1527 514 1591 tollere
535 1527 609 1589 licet
630 1526 688 1589 hac
711 1529 842 1593 ratione:

372 1672 399 1728 1.
433 1663 495 1727 lam
508 1684 547 1726 ex
558 1664 766 1746 descriptione
779 1665 991 1728 Collationam
1000 1662 1304 1746 Branderrlarpicae
1315 1672 1346 1726 et
1358 1663 1551 1737 saxonicae,
1571 1683 1650 1744 quae
1662 1664 1810 1740 dicuntur,
1833 1684 1926 1746 supra
1948 1685 1978 1747 p.
1991 1670 2048 1729 431
2065 1686 2135 1748 sqq.
2148 1672 2181 1728 et

435 1755 495 1813 443
508 1771 556 1831 sq.
575 1753 732 1832 proposita
743 1751 855 1826 elucet,
867 1753 925 1815 has
937 1753 979 1814 ita
996 1771 1069 1813 esse
1080 1752 1189 1826 factas,
1201 1759 1236 1813 ut
1250 1749 1367 1813 Editio
1379 1753 1528 1831 quaedum
1547 1749 1833 1832 il'ittenrloerpeneis
1842 1756 1968 1813 uariata
1980 1774 2047 1814 cum
2061 1752 2182 1815 Codice

433 1837 622 1919 Mamertino
645 1836 758 1899 collata
775 1847 806 1901 et
823 1838 993 1901 secundum
1014 1837 1097 1899 hunc
1125 1845 1238 1900 mumta
1267 1840 1364 1916 sit.*)
1408 1836 1494 1899 Haec
1518 1845 1619 1899 autem
1648 1840 1775 1901 mutatio
1808 1840 1930 1906 minime
1964 1839 2022 1901 luit
2054 1841 2180 1920 integra,

434 1924 494 1986 sed
511 1922 675 1986 collatores
694 1925 755 1985 sihi
777 1925 973 1988 satisfecisse
995 1925 1108 2005 opinati
1131 1932 1215 1998 sunt,
1238 1943 1330 2004 quum
1358 1923 1531 1986 Editionem
1560 1945 1628 1986 cum
1657 1925 1717 1987 hoc
1745 1921 1863 1987 Codice
1897 1924 2110 1987 conserendam
2138 1926 2181 1987 ita

434 2017 623 2084 mutassent,
645 2016 680 2072 ut
697 2011 823 2073 easdem
842 2032 936 2074 uoces
958 2031 995 2072 ac
1017 2010 1068 2072 hic
1086 2009 1210 2084 Codex,
1234 2011 1342 2072 eodem
1366 2031 1490 2073 numero
1507 2017 1540 2072 et
1561 2011 1665 2072 ordine
1689 2011 1864 2083 exhiheret,
1895 2011 2064 2073 dialectum
2096 2032 2179 2083 vero,

395 2150 399 2159 ,
434 2096 694 2178 οοιὰοφιιρὰιίαιο
715 2105 808 2178 atque
825 2100 1105 2180 interpmactioaern
1122 2097 1197 2159 nihil
1216 2104 1368 2159 curantes.
1399 2094 1474 2158 lnde
1491 2096 1603 2159 tactum
1626 2104 1687 2180 est,
1704 2103 1738 2159 ut
1754 2098 1899 2160 Editoree
1917 2096 2062 2180 Corporis
2084 2097 2178 2161 Bran·

434 2183 611 2264 denhurgici
634 2189 667 2245 et
683 2182 768 2247 Libri
787 2180 977 2247 Concordiae
1001 2191 1114 2265 (aeque
1136 2204 1173 2245 ac
1196 2181 1397 2246 Caelestinum
1421 2193 1454 2245 et
1481 2182 1756 2260 Kollonitschius),
1780 2186 1830 2263 qui
1856 2179 2004 2246 Codicem
2025 2184 2180 2266 Mogonti-

434 2290 505 2331 num
523 2289 562 2332 ex
580 2268 725 2332 Editione
746 2270 1020 2352 Wittemhergensi
1039 2273 1087 2333 sic
1105 2277 1219 2333 mutata
1239 2271 1324 2351 typis
1347 2270 1583 2332 describendum
1602 2277 1751 2341 curamnt,
1773 2290 1829 2351 pro
1854 2269 1986 2331 dialecto
2010 2273 2179 2352 superioris

433 2353 632 2427 Germaniae,
654 2376 735 2437 quae
758 2358 787 2419 in
806 2356 859 2420 illo
883 2356 1000 2420 Codice
1019 2359 1178 2429 invenitur,
1191 2358 1321 2438 eiusque
1339 2355 1554 2439 orthographia
1576 2363 1608 2418 et
1623 2357 1882 2438 interpunctione,
1902 2356 2065 2419 dialectum
2084 2358 2180 2420 Saxo·

433 2441 502 2504 niae
524 2442 694 2525 superioris
716 2452 809 2526 atque
832 2442 1074 2526 orthographiam
1100 2451 1133 2506 et
1153 2445 1425 2525 interpunctionem
1451 2441 1606 2505 Editionis
1623 2442 1914 2524 Wittembergeusis
1938 2443 2180 2522 reciderent,·*)

432 2530 546 2611 quippe
564 2529 648 2610 quod
669 2528 714 2591 illi
742 2529 904 2594 collatores
928 2532 1033 2594 harum
1057 2551 1154 2593 rerum
1178 2529 1262 2594 nulla
1284 2533 1399 2592 ratione
1428 2529 1531 2592 hahita
1552 2549 1607 2592 eas
1630 2531 1759 2593 intactas
1782 2529 1974 2612 reliquerant.

316 2688 382 2752 Sed
404 2690 568 2755 collatores
591 2712 651 2753 non
672 2699 788 2756 tantam
803 2693 868 2755 -has
890 2714 999 2756 vocum
1022 2693 1135 2756 termas
1161 2692 1377 2774 neglexemnt,
1404 2692 1577 2756 sedetiam
1606 2712 1702 2775 saepe
1730 2714 1768 2754 eo
1801 2692 1882 2776 lapsi
1910 2702 2000 2766 sunt,
2034 2694 2117 2776 qnod
2140 2695 2178 2756 ah

160 2775 201 2836 iis
223 2776 254 2838 in
274 2774 418 2840 Editione
439 2778 728 2860 Wittemhergensi,
750 2800 839 2860 qnam
859 2801 927 2843 cum
946 2779 1063 2843 Codice
1084 2780 1265 2862 Mogentino
1284 2780 1489 2853 conterebant,

254 2954 263 2967 κ
378 2918 410 2996 a)
432 2935 528 2978 voces
550 2918 589 2980 ah
611 2916 671 2978 hoc
689 2914 806 2982 Codice
824 2917 968 2979 diversae
983 2938 1047 2980 aon
1063 2911 1201 2980 mactatae
1222 2925 1310 2990 earet,
1339 2937 1368 2978 e.
1392 2937 1417 2978 ο.
1448 2939 1480 3000 pu
1515 2919 1634 2996 attritu,
1659 2935 1740 2998 quae
1766 2917 1910 2978 mutanda
1939 2917 2052 2979 inisset
2078 2920 2109 2980 in
2134 2937 2179 3001 gu·

432 3006 565 3080 attieno,
584 3004 633 3064 sic
651 3004 732 3065 enirn
753 3005 783 3064 in
807 3001 885 3065 Cod.
901 3003 989 3085 Meg.
1011 3003 1139 3084 legitur;
1156 3010 1259 3066 contra
1279 3002 1347 3064 loco
1367 3003 1497 3084 quodam
1521 3000 1614 3083 Corp,
1627 3002 1800 3065 Brandenh.
1817 3004 1942 3065 verbum
1964 3009 2072 3084 erpelen,
2095 3002 2179 3085 quod

426 3088 779 3253 tetiiniEd'ahhiimmb'
803 3098 835 3153 et
853 3091 882 3151 in
905 3086 983 3153 θοὰ
1006 3089 1091 3172 Mag.
1112 3089 1239 3172 legitur,
1262 3095 1409 3152 mutatum
1438 3096 1489 3152 est
1512 3090 1541 3150 in
1567 3090 1691 3151 verbum
1726 3097 1833 3165 audien
1861 3088 1945 3170 (vide
1977 3090 2178 3151 Weberum

370 3279 407 3356 h)
429 3298 539 3341 vocum
558 3278 640 3341 ardo
663 3279 701 3341 ah
721 3278 781 3340 hoe
798 3275 877 3345 Cori.
895 3278 1037 3341 elicerem
1053 3301 1117 3341 aaa
1139 3284 1274 3341 metatus
1291 3284 1349 3357 eet,
1368 3298 1397 3341 e.
1416 3297 1442 3342 c.
1466 3279 1534 3359 iilia
1558 3285 1621 3353 aaa
1646 3283 1706 3353 otte,
1730 3275 1810 3342 cori.
1833 3277 1935 3358 moga
1955 3280 2031 3355 ituri
2050 3282 2102 3344 uile
2120 3280 2178 3360 aiio

372 3390 405 3458 c)
426 3401 523 3444 voces
540 3402 579 3443 ex
601 3381 661 3444 hoo
683 3380 760 3444 θοὰ.
783 3381 952 3443 addendae
969 3402 1031 3446 aaa
1049 3382 1290 3456 additament,
1319 3376 1348 3445 ο.
1373 3403 1400 3444 ο.
1432 3382 1560 3462 turico,
1586 3383 1708 3460 errati,
1727 3401 1781 3464 Pro
1809 3383 1924 3460 datlen
1947 3387 2035 3448 aaut
2059 3383 2177 3459 &trabe

433 3488 513 3549 qnae
537 3471 567 3530 in
589 3466 666 3532 θοὰ.
684 3468 770 3551 Mag.
793 3468 989 3547 exhibentem
1097 3498 1100 3500 -
1819 3465 1824 3474 ,

375 3572 410 3653 ὰ)
433 3590 538 3646 uoces,
561 3593 641 3654 quae
663 3574 694 3634 iu
716 3572 777 3634 hoc
794 3569 872 3634 Cod.
892 3573 1014 3647 denerat,
1031 3593 1093 3635 non
1116 3570 1239 3634 deletae
1259 3579 1349 3646 sant,
1372 3592 1400 3633 e.
1420 3592 1446 3633 c.
1465 3576 1519 3636 aab
1538 3573 1606 3655 haia
1625 3579 1701 3643 οιιὰι
1721 3576 1863 3652 prutina,
1882 3567 1960 3634 Cod.
1983 3570 2085 3652 Mega
2104 3574 2177 3638 onai

432 3660 522 3740 bntpu
545 3665 693 3740 gratuiter,
715 3661 788 3742 quin
811 3662 900 3722 etiam
923 3663 1154 3733 enuntiatorum,
1178 3680 1256 3741 quae
1278 3663 1317 3722 ah
1339 3657 1399 3720 hoc
1412 3654 1489 3720 ced.
1508 3659 1630 3738 absunt,
1648 3657 1766 3721 deletio
1786 3659 2010 3740 praetermissa
2029 3664 2084 3737 est,
2108 3678 2136 3720 e.
2149 3677 2176 3719 e.

433 3748 497 3812 etet
516 3752 560 3823 int
578 3751 619 3815 hie
638 3749 813 3828 itate-paup
831 3749 910 3826 thau,
930 3749 1014 3812 uber
1030 3751 1226 3828 tarpeiana
1243 3748 1301 3812 tet
1319 3750 1422 3826 tonte
1441 3748 1641 3822 oerhienen,
1660 3748 1713 3811 ont
1733 3749 1779 3822 iott
1798 3748 1958 3824 herbatica,
1979 3742 2057 3806 Cod.
2075 3742 2177 3827 Mega

433 3833 499 3897 obet
517 3837 564 3912 itit
582 3838 624 3899 tte
642 3837 707 3913 irrui
727 3855 803 3914 gnua
821 3835 906 3913 tion,
925 3837 1012 3899 Cant
1042 3838 1088 3914 iuti
1117 3836 1280 3911 beatotum
1308 3831 1488 3894 carnarium
1516 3832 1664 3892 iuvenitur
1692 3831 1823 3911 quodam
1855 3830 1926 3895 loeo
1962 3827 2055 3913 Corp.
2085 3829 2178 3893 Bran·
2306 3849 2309 3852 ·

428 3917 534 3992 denh,
557 3922 611 3984 uhi
631 3921 780 4001 integrum
802 3923 1000 3994 enuntiatum,
1022 3919 1106 4003 quod
1129 3926 1161 3981 et
1182 3922 1212 3981 in
1233 3919 1292 3983 Ed.
1315 3919 1472 3980 Wittemh.
1490 3924 1522 3980 et
1545 3918 1575 3978 in
1594 3914 1673 3979 θοὰ.
1691 3916 1776 3999 Meg.
1799 3918 1927 4001 legitur,
1951 3921 2099 3982 omissum
2119 3925 2177 3993 est,

432 4001 574 4087 quoniam
597 4026 615 4068 a
632 4005 779 4070 collatore
797 4026 852 4088 per
872 4027 1003 4070 errorem
1025 4013 1090 4069 erat
1107 4005 1242 4068 deletum
1261 4004 1345 4084 (vide
1362 4004 1563 4066 Weberum
1579 4001 1601 4066 i.
1623 4003 1644 4064 i.
1664 4001 1686 4068 l.
1709 4024 1737 4087 p.
1756 4006 1854 4086 Μ).

314 4139 431 4207 lisdem
448 4141 638 4226 indiligentia
658 4144 750 4206 etiem
773 4145 959 4226 conspicitur
980 4146 1010 4206 in
1023 4142 1086 4206 illis
1107 4143 1205 4207 trihus
1216 4142 1354 4206 articulis
1378 4143 1409 4204 in
1420 4141 1555 4222 margine
1567 4140 1709 4206 interiore
1721 4144 1858 4221 nota”)
1869 4144 2054 4215 memoratis,
2067 4160 2177 4222 nempe

160 4339 515 4356 —*-

270 4487 299 4555 '³
316 4489 590 4623 {litanti
604 4489 732 4610 tlt?
751 4487 1556 4624 ·,iiiiiisitientianifii‘tiiiti‘ii
1570 4487 1706 4622 iiii
1720 4482 2004 4617 intimidi&
2022 4480 2176 4623 iiiiii

318 4623 378 4688 nath
398 4627 476 4679 etnrur
494 4624 630 4693 gerranni
650 4621 907 4683 erementanos.
943 4623 983 4679 er
1001 4627 1099 4679 murtro
1117 4627 1189 4681 torio
1208 4627 1246 4679 tte
1264 4625 1410 4679 itttttionrn
1429 4622 1614 4694 unterirldirn,
1632 4626 1694 4688 boa,
1712 4630 1767 4677 tout
1785 4622 1872 4690 tritta,
1892 4622 1917 4676 tn
1934 4569 1981 4676 ia
1998 4622 2060 4678 tert
2079 4623 2176 4689 iterim

317 4692 464 4762 primaten,
483 4696 532 4749 unt
551 4693 700 4760 netirttdirr
717 4691 797 4755 theiis
814 4695 914 4761 uertitur
933 4694 985 4761 etio
1003 4695 1061 4761 audi
1079 4695 1116 4747 tte
1138 4692 1243 4758 itrtiiet,
1265 4695 1304 4748 tte
1322 4698 1411 4748 enters
1429 4697 1470 4750 uls
1488 4695 1526 4749 btr
1538 4694 1573 4749 ira
1596 4691 1733 4761 prtrudtra
1757 4688 1890 4750 erraretur
1913 4690 2047 4763 satirica,
2071 4691 2112 4748 ult
2134 4694 2176 4748 iet

314 4763 467 4833 pueritate,
483 4763 522 4818 ite
540 4763 629 4829 beaten
648 4777 696 4817 uon
713 4761 930 4832 itoierpriuitra
948 4763 998 4817 unt
1015 4765 1056 4818 ire
1074 4761 1193 4830 itiiaiie
1213 4763 1324 4832 Creuit,
1343 4767 1410 4833 pant
1428 4765 1478 4817 ant
1495 4778 1542 4831 pur
1558 4760 1736 4833 utgriatlebrn
1755 4761 1878 4814 metten*

257 4853 299 4926 ”i
316 4858 449 4913 Permulta
465 4857 613 4913 huiusmodi
630 4859 750 4923 exempta
766 4872 783 4912 a
799 4860 935 4914 weltere
960 4860 977 4913 i.
994 4859 1011 4912 1.
1028 4858 1050 4913 1.
1073 4871 1099 4924 p.
1122 4860 1173 4909 244
1196 4872 1252 4925 sqq.
1277 4861 1407 4924 proposita
1430 4861 1500 4914 sunt
1534 4857 1689 4914 Praesertim
1713 4859 1739 4911 ln
1763 4857 1848 4912 Libro
1877 4856 2051 4913 θοιιοοιὰίοο
2075 4855 2176 4908 nulium

314 4927 455 4990 vestigium
472 4928 543 4983 tillus
560 4928 679 4992 disiecti,
697 4941 748 4994 qua
766 4928 852 4982 codex
868 4930 1032 4992 maguntinus
1049 4929 1161 4993 scriptus
1179 4933 1228 4991 est,
1245 4931 1390 4993 reperitur,
1407 4930 1433 4982 in
1451 4932 1680 4994 corporearum
1697 4925 1947 4991 liraadcataraiea
1964 4933 2041 4991 atque
2059 4925 2176 4978 Editione
2289 4959 2298 4973 .

315 4996 556 5052 ltollonitsehit
573 5009 703 5064 perpauca
722 4997 824 5052 dialecti
840 4997 909 5052 tilius
928 4997 1027 5051 Codicis
1045 4999 1164 5062 exempla
1181 5001 1293 5064 reatina
1311 4998 1378 5052 coni.
1395 4999 1523 5055 weber,
1534 4999 1551 5051 i.
1562 4997 1579 5049 i.
1590 4998 1642 5060 tp.
1653 4997 1712 5045 24³.
1723 5001 1783 5049 nois
1795 4996 1838 5060 a):
1857 4993 1965 5063 ,ttirrlqe
1983 4990 2175 5060 scripturire

315 5063 415 5130 itrtiirl
431 5067 475 5121 ter
490 5061 615 5120 wernheri
633 5063 668 5121 lor
686 5061 849 5135 diuinitate
868 5063 1000 5127 aemuia
1018 5065 1127 5120 tourmeo
1146 5080 1191 5119 ror
1209 5068 1242 5121 tur
1260 5063 1338 5132 horo.
1357 5065 1502 5121 haurient.
1522 5067 1571 5118 unt
1590 5066 1632 5118 aa
1649 5062 1749 5118 toton.
1768 5062 1891 5133 &aspris
1908 5066 1949 5117 iet
1967 5062 1999 5116 a.
2018 5058 2050 5115 6.
2074 5061 2108 5115 lae
2132 5063 2175 5112 20.

316 5134 359 5185 2⁷.
379 5134 428 5188 unt
446 5135 488 5187 tt.
507 5133 618 5204 aaron,
636 5134 673 5191 tte
689 5149 747 5188 man
767 5133 918 5199 obionitae
935 5135 1028 5199 maire.
1064 5135 1112 5196 8111
1130 5131 1344 5201 tantumtantum
1363 5133 1411 5198 tint
1431 5133 1460 5192 tle
1478 5134 1537 5189 ater
1555 5130 1633 5200 uitttp
1650 5131 1852 5202 ariaratiae!
1887 5133 1919 5187 In
1936 5133 1986 5187 litis
2004 5133 2074 5190 enlm
2092 5131 2175 5187 trihus

316 5201 432 5258 articulis
449 5203 543 5271 ιοιίοο,
560 5206 603 5271 qui
621 5217 669 5259 eoa
685 5217 719 5259 er
738 5204 830 5259 colice
848 5207 996 5268 moguntino
1014 5205 1201 5271 tesrnpeerat,
1219 5219 1271 5260 non
1289 5218 1381 5260 onnes
1397 5206 1467 5260 illius
1485 5204 1588 5259 dialecti
1603 5204 1702 5259 lnrmas
1720 5204 1748 5257 tn
1766 5217 1832 5259 suae
1850 5202 2098 5269 patnaediaieetnm
2115 5212 2175 5256 oen·

316 5273 439 5329 verterat·
473 5274 555 5330 ulain
572 5274 600 5329 in
614 5274 739 5341 pnnchtu
755 5274 832 5341 irini
848 5275 950 5330 articuli
966 5275 1048 5331 Editio
1064 5275 1242 5332 solomani
1257 5275 1370 5331 termam
1388 5274 1506 5340 ,aare
1525 5275 1556 5339 (t
1571 5284 1597 5340 ιι.
1613 5271 1690 5343 iatri)
1707 5285 1741 5330 ex
1757 5272 1820 5331 cod
1838 5273 1906 5338 ilos.
1922 5271 2035 5327 exhibet

1376 5548 1380 5553 .
1421 5534 1505 5554 n—
