4642 5594
836 247 862 314 Ι.
906 247 949 315 Δ.
979 244 1191 316 anticum
1210 245 1516 317 vistrnt'tortts.
1551 290 1574 299 ,.

722 525 994 633 ARTIUULI
1024 528 1101 612 ΒΕ
1131 525 1337 633 QUIBUS
1369 528 1632 615 EGERUNT

812 696 873 764 per
894 660 1097 744 visitatores
1118 679 1153 744 in
1174 681 1314 766 regione
1335 679 1558 758 swanum)
1643 752 1645 763 p

260 852 420 919 Pastoros
446 852 568 916 debent
596 847 783 936 exemplum
805 846 932 916 Christi
954 850 1066 934 sequi,
1096 853 1153 935 qui
1204 850 1366 918 Abrahae
1386 851 1509 930 dicere,
1523 840 1567 927 ¹⁴)
1589 849 1680 937 qnod
1700 852 1800 929 sciat,
1824 871 1900 917 eum
1916 854 1989 927 eius
2001 853 2052 919 rei
2069 871 2196 921 metuo·
2240 865 2242 869 '

172 941 329 1095 ³uonium
356 937 591 1024 poenitentiam
616 947 650 1002 et
674 936 904 1001 remissionem
937 946 1154 1019 peccatorum
1204 939 1288 1004 riam
1309 938 1581 1003 transmissurum
1603 955 1682 1002 esse
1698 938 1743 1002 ad
1758 948 1929 1021 posteros,
1951 940 2193 1007 utcustodiant

195 1030 338 1104 ocuit,⁷)
371 1025 496 1089 debent
516 1036 549 1089 ct
569 1024 636 1088 ista
656 1033 814 1108 pastores
836 1022 1012 1098 tradere0)
1042 1018 1153 1087 eccle·
1205 1026 1293 1090 viam
1313 1021 1460 1101 Domini,
1488 1019 1532 1088 Et
1552 1020 1650 1091 hlose
1677 1024 1791 1109 praeci
1814 1025 1840 1090 it
1867 1013 1993 1109 pbpulo
2021 1022 2128 1092 lsruel
2149 1024 2195 1095 de

109 1182 124 1205 ·.
171 1116 243 1181 slis.
276 1111 375 1178 Nunc
397 1106 539 1196 vulgare
561 1120 615 1173 est
634 1107 823 1175 vociferare
835 1112 863 1184 9)
887 1109 930 1173 de
951 1106 1027 1184 fide,
1050 1117 1083 1172 ct
1105 1119 1153 1173 ta·
1204 1111 1405 1196 interempto
1426 1107 1620 1189 Pharaone,
1643 1109 1752 1196 dequo
1773 1045 1866 1193 allia,
1888 1130 1975 1197 quae
1997 1113 2193 1179 acciderant

167 1220 248 1269 men
268 1194 410 1282 intelligi
433 1194 511 1281 quid
532 1196 578 1259 sit
595 1194 698 1274 fides,
719 1215 788 1260 non
810 1207 942 1278 potest,
972 1194 1039 1259 nisi
1059 1213 1154 1279 prac-
1204 1199 1238 1262 in
1261 1198 1350 1264 exitu
1372 1195 1599 1282 dellegyptot
1623 1195 1767 1266 Narrate
1790 1217 1830 1262 ea
1853 1193 1930 1262 liliis
1947 1198 2082 1263 vestris.
2105 1197 2192 1266 Nam

172 1286 282 1351 dicata
312 1281 526 1369 poenitentia.
578 1279 683 1347 Plane
711 1282 824 1347 vinum
855 1301 979 1346 novum
1006 1281 1041 1345 in
1062 1290 1153 1345 utres
1204 1283 1291 1349 haec
1319 1283 1430 1349 omnia
1459 1302 1528 1347 nou
1549 1293 1687 1368 propter
1709 1283 1819 1368 ipsos,
1839 1295 1876 1349 nt
1897 1280 2026 1350 Paulus
2046 1285 2107 1364 ait,
2128 1285 2192 1350 sed

171 1383 304 1436 veteres
326 1366 522 1446 infundunt,
546 1368 601 1453 qui
624 1367 722 1432 fidem
745 1368 819 1433 sine
865 1367 1059 1444 cenitentia,
1081 1367 1154 1430 sine
1228 1382 1342 1456 ropter
1358 1389 1422 1436 nos
1445 1369 1571 1454 scripto
1592 1380 1684 1449 sunt,
1705 1379 1743 1434 ut
1764 1370 1935 1438 discamus
1951 1371 2102 1436 timorem
2112 1368 2191 1448 Dei,

172 1457 325 1549 doctrina
347 1456 475 1520 timoris
487 1453 563 1532 Dei,
586 1453 822 1519 sinedoctriua
841 1389 930 1539 fogia
947 1452 1152 1535 praedicant,
1203 1393 1268 1522 Dst
1285 1468 1397 1521 autem
1417 1456 1516 1521 timor
1535 1453 1672 1530 Domini
1692 1455 1817 1521 initium
1839 1455 2026 1542 sapientiae
2048 1468 2115 1523 eto.

171 1555 205 1610 et
236 1543 281 1607 ad
303 1539 470 1606 carnalem
500 1540 665 1626 quandam
688 1541 900 1605 securitatem
923 1535 1155 1604 adsuelaciunt
1270 1541 1366 1609 l'aoit
1386 1542 1495 1617 etiam,
1516 1542 1559 1607 ad
1588 1543 1776 1609 docendum
1805 1562 1986 1626 exponere,
2004 1546 2045 1622 ¹⁶)
2079 1538 2191 1631 qualis

170 1627 304 1714 volgus
348 1625 399 1692 Ea
416 1630 457 1707 ¹⁰)
479 1627 645 1691 securitas
667 1639 721 1692 est
742 1626 898 1706 deterior,
921 1646 1019 1712 qoam
1038 1637 1154 1689 omnes
1205 1641 1314 1694 statos
1337 1627 1565 1709 sithominis,
1598 1650 1621 1695 a
1641 1628 1718 1695 Deo
1740 1649 1809 1694 non
1832 1630 2021 1717 gubernati,
2038 1633 2080 1708 1⁶)
2114 1630 2193 1715 quia

169 1733 307 1782 errores
328 1716 428 1779 antea
450 1713 514 1779 sub
536 1733 624 1797 popa
645 1709 787 1779 fuerunt.
832 1711 907 1778 lloo
935 1730 1045 1800 genus
1067 1708 1155 1776 coo-
1205 1716 1292 1781 enirn
1309 1719 1351 1789 ¹⁷)
1373 1714 1417 1793 in¹
1429 1725 1596 1801 potestate
1618 1711 1742 1782 diaboli
1761 1727 1824 1796 est,
1846 1712 2193 1802 inpellituradomne

170 1802 376 1866 elocuturum
387 1799 546 1865 describit
557 1799 740 1865 Hieremias
761 1811 797 1863 et
816 1800 983 1884 vituperat
1003 1817 1076 1878 ecs,
1098 1798 1154 1883 qui
1205 1822 1313 1889 genus
1331 1804 1374 1879 ¹⁸)
1395 1800 1533 1889 flagitia.
1576 1801 1703 1868 Annon
1724 1802 1896 1881 videmus,
1929 1794 2032 1888 qoas'
2049 1801 2192 1867 occisio·

167 1889 283 1954 dicant
301 1889 359 1960 ιι)ε
404 1885 488 1963 Pax,
508 1906 591 1970 pax,
610 1896 644 1951 et
665 1905 736 1951 nou
757 1898 811 1950 est
831 1906 909 1970 pax.
961 1882 1068 1958 Quam
1081 1905 1155 1971 gra·
1204 1907 1280 1968 nes,
1301 1888 1437 1968 caedes,
1460 1901 1494 1954 et
1514 1884 1657 1954 aliorum
1679 1886 1847 1955 scelerum
1870 1885 1982 1954 multis
2003 1885 2133 1967 afferat,
2154 1900 2193 1953 nt

169 1976 256 2039 viter
294 1971 438 2037 mitratur
471 1972 724 2037 contionatorib
776 2017 787 2050 ,
826 1972 917 2056 apud
950 1969 1076 2036 Ezech.
1109 1969 1154 2048 3,
1203 1993 1266 2040 cos
1288 1993 1430 2059 prorsus
1451 1974 1598 2062 perdut‘l
1613 1979 1655 2050 ¹⁹)
1698 1974 1817 2062 Neque
1839 1972 1918 2056 ullis
1941 1975 2055 2040 verbis
2084 1969 2192 2059 expli·

168 2057 335 2127 Dominus
364 2059 700 2142 praetermittentibus
775 2077 821 2123 nc
843 2059 995 2141 partomi
1039 2057 1077 2146 Si
1109 2059 1155 2123 di·
1205 2061 1277 2127 cari
1297 2071 1424 2146 potest,
1445 2058 1669 2145 quantamale
1685 2061 1898 2145 impendeant
1907 2058 1974 2138 his,
1995 2081 2081 2146 quos
2094 2060 2191 2125 Deus

170 2156 268 2212 cente
289 2164 344 2210 me
365 2145 409 2210 ad
432 2145 582 2228 impium,
610 2156 718 2209 morte
739 2145 904 2223 morieris,
938 2162 1008 2207 non
1030 2146 1154 2208 adnun·
1204 2167 1272 2211 non
1305 2147 1405 2232 tegit,
1436 2157 1497 2211 aut
1529 2143 1676 2211 defendit
1707 2147 1874 2212 adversus
1904 2160 2076 2211 satanam..
2114 2143 2190 2219 Quo

169 2231 308 2298 tiaveris
330 2231 382 2310 el,
404 2231 604 2318 sauguinem
626 2232 705 2296 eins·
721 2231 763 2296 de
784 2250 884 2296 mann
907 2230 1152 2316 tuorequirorn.
1203 2234 1270 2297 mit
1285 2228 1443 2310 ‘saulum
1478 2252 1550 2382 :luo
1582 2230 1732 2318 prolapsi
1765 2245 1845 2299 suot
1877 2231 1983 2313 Kaio,
2006 2227 2190 2312 ansatos,

167 2317 285 2405 ltaque
319 2313 446 2382 Pardus
477 2319 540 2396 ait,
575 2317 777 2401 scripturam
809 2317 967 2383 divinitus
999 2315 1154 2382 traditam
1204 2316 1338 2399 Achab,
1359 2329 1394 2385 et
1414 2318 1486 2383 sim·
1503 2338 1541 2383 es
1562 2319 1662 2404 impii,
1684 2319 1762 2405 quia
1775 2318 1870 2385 Deus
1893 2338 1955 2386 cos
1980 2338 2050 2383 non
2067 2319 2189 2404 guber·

167 2425 249 2472 csse
270 2404 316 2469 ad
338 2404 554 2489 arguendam,
576 2404 821 2489 corripiendam
839 2407 881 2483 ¹²)
903 2415 966 2470 etc.
1000 2402 1047 2468 At
1065 2421 1154 2469 nnnc
1205 2407 1326 2485 nabat,
1357 2405 1420 2470 sed
1440 2404 1636 2471 tradiderat
1651 2407 1685 2469 in
1707 2405 1911 2470 desiderium
1937 2404 2089 2472 cordium
2110 2422 2189 2471 ωο-

169 2493 241 2571 isti,
274 2489 331 2576 qui
352 2491 589 2575 poenitentiam
616 2509 660 2555 ne
684 2487 793 2577 ligant
820 2490 963 2569 docere,
990 2508 1090 2555 unam
1111 2489 1154 2554 de
1203 2512 1287 2557 rum.
1331 2491 1428 2558 Rom.
1449 2491 1539 2555 l.²⁰t

169 2573 460 2666 principaliorlbus
482 2577 634 2663 portibus
655 2513 843 2662 {vangelio
866 2576 1055 2644 donabunt.
1289 2576 1384 2651 llaec
1410 2575 1562 2663 exempla
1588 2591 1667 2642 sunt
1688 2578 1887 2663 exponenda
1909 2573 2125 2666 multitudini,
2154 2589 2192 2643 ut

255 2662 465 2735 Poenitentia
486 2684 568 2729 vero
598 2664 650 2729 sio
671 2663 825 2730 docenda
854 2674 926 2742 est,
959 2674 997 2729 nt
1017 2660 1154 2728 horteo-
1203 2663 1383 2730 invitentur
1404 2664 1447 2728 ad
1470 2665 1705 2748 poenitentiam
1728 2665 1822 2729 etad
1840 2659 2191 2748 petendumauuiliurn

154 2767 224 2821 tur
240 2756 284 2833 ¹⁸)
304 2751 476 2818 auditores
498 2752 542 2816 ad
565 2749 816 2830 contritionem,
839 2769 927 2836 quae
949 2761 1004 2814 est
1024 2749 1154 2835 praeci·
1203 2771 1225 2815 a
1245 2749 1341 2828 Deo,
1374 2761 1409 2815 et
1436 2749 1580 2816 docendi
1609 2762 1700 2830 sunt,
1727 2751 1762 2816 id
1805 2751 1872 2816 uod
1894 2747 2050 2816 Christus
2078 2749 2189 2817 docet.

168 2861 237 2927 pua
264 2857 345 2924 pars
367 2836 607 2921 poenitentiae,
632 2848 667 2901 ct
696 2847 749 2901 est
776 2836 811 2900 in
833 2836 1011 2920 scripturis
1032 2846 1154 2903 vocata
1202 2835 1297 2902 llaec
1319 2833 1489 2903 inculcare
1516 2833 1717 2902 multitudini
1736 2771 1840 2903 thto
1863 2837 1969 2901 satius
1992 2849 2061 2909 est,
2090 2855 2189 2922 quam

168 2925 389 2993 mortificatio.
447 2923 501 2990 De
528 2923 593 2989 hac
620 2918 793 3001 Ezechiel,
821 2922 918 2989 dicit:
964 2942 1040 2988 cum
1061 2923 1153 3008 ingo·
1204 2921 1440 3002 vociferari²¹)
1461 2924 1505 2989 de
1526 2921 1712 3003 monachia,
1735 2933 1770 2989 et
1791 2942 1852 2989 esu
1875 2923 2024 2989 carnium
2045 2933 2080 2988 et
2100 2920 2189 2989 siml·

116 3021 119 3026 '
167 3012 290 3078 nuent
305 3023 466 3097 peccator
483 3023 546 3075 etc.
564 3006 718 3074 etlohele
739 3009 890 3075 scindite
912 3009 1155 3087 cordavestra,
1203 3006 1293 3075 libus
1325 3010 1439 3088 rebus,
1472 3030 1555 3095 quas
1588 3006 1711 3095 vulgus
1743 3011 1801 3075 vix
1834 3030 1980 3094 unquam
2012 3019 2108 3075 recte
2139 3005 2188 3077 in·

168 3110 204 3166 et
220 3097 361 3163 lesaiasr
392 3093 458 3163 Ubi
479 3093 643 3162 habitabit
662 3095 850 3163 Dominus?
893 3093 931 3159 ln
953 3095 1074 3181 spiritu
1095 3092 1152 3159 hn-
1204 3093 1337 3181 telligit.
1758 3120 1760 3124 ⁴

168 3180 307 3252 milleto.
1292 3179 1448 3246 Secunda
1469 3199 1549 3265 pars
1571 3180 1744 3246 doctrinae
1766 3193 1819 3246 est
1842 3181 1997 3246 doctrina
2017 3180 2188 3245 remissio·

256 3267 448 3355 Aliquando
477 3282 582 3335 totum
612 3265 813 3353 decalogum
841 3276 999 3331 enarrent
1027 3265 1155 3345 ordine,
1204 3267 1258 3330 nis
1280 3276 1495 3352 peccatorum
1517 3286 1580 3333 seu
1601 3264 1865 3332 doctrinaliter.
1879 3266 1925 3343 ²²)
1970 3265 2065 3345 llaec
2093 3262 2189 3332 intel·

194 3355 251 3421 uia
276 3355 484 3441 praedicatio
518 3353 549 3420 le
575 3355 604 3416 's
636 3355 680 3419 ed
708 3352 946 3437 poenitentiam
977 3362 1155 3436 provocat,
1203 3350 1264 3439 ligi
1285 3354 1332 3418 ita
1353 3353 1485 3419 demum
1502 3364 1627 3435 potest,
1647 3353 1678 3417 si
1694 3365 1773 3418 ante
1790 3353 1976 3419 doctrinam
1988 3353 2115 3418 tlmoris
2127 3370 2190 3418 seu
2282 3350 2288 3361 ‘

216 3442 360 3526 Quando
383 3453 512 3508 certum
533 3375 669 3526 aliqum
691 3439 807 3505 vitium
829 3439 1019 3523 vituperent
1042 3448 1076 3503 et
1098 3458 1155 3504 oo·
1204 3438 1430 3523 poenitentiae
1449 3439 1632 3518 audierint,
1659 3440 1739 3525 quia
1766 3437 1853 3505 fides
1881 3459 1949 3505 non
1971 3450 2086 3524 potest
2109 3457 2189 3505 con·
2284 3504 2287 3509 .

169 3528 266 3613 picse
288 3523 473 3608 declarent,
494 3548 593 3612 quarn
616 3527 765 3613 graviter
788 3523 976 3591 ollendatur
997 3520 1093 3590 Deus
1121 3534 1155 3591 et
1205 3525 1290 3610 cipi,
1322 3524 1386 3596 nisi
1417 3528 1452 3591 in
1485 3527 1588 3591 corde
1615 3525 1773 3601 venemo·
1826 3524 1886 3592 Sic
1910 3525 2014 3612 igitur
2043 3527 2188 3594 doceam

168 3632 256 3700 quas
287 3633 418 3698 poenas
450 3615 603 3679 minetur.
647 3612 724 3679 Non
757 3612 844 3676 enim
871 3613 956 3676 satis
986 3622 1040 3676 est
1060 3630 1155 3695 prae·
1205 3611 1316 3677 iidem.

169 3699 856 3873 :itt„⁰t,“tttu,tt‘¹,ttt⁸t0tttt²⁸
869 3707 1156 3849 ihmlillll‘t
1411 3746 1587 3815 PRJMUM
1611 3746 1721 3823 0⁰¹1>
1742 3747 1812 3815 Sff
1833 3746 1974 3846 me·

168 3872 318 3939 aeternis
335 3875 473 3957 poenis,
494 3873 553 3938 sed
577 3872 675 3938 etiam
697 3871 741 3938 de
760 3870 948 3954 praesentis
969 3870 1060 3935 vitae
1077 3889 1155 3954 poe·
1292 3869 1356 3937 Est
1385 3882 1498 3936 autern
1524 3868 1629 3950 fides,
1661 3871 1812 3950 credere,
1847 3868 1938 3957 quod
1969 3865 2067 3934 Dens
2088 3869 2188 3935 nobis

168 3960 224 4025 nia
245 3960 408 4039 doceant,
428 3960 507 4046 quia
530 3956 696 4025 Dominus
724 3977 792 4022 non
815 3967 942 4022 tantum
964 3966 1044 4041 post
1066 3955 1155 4022 hauc
1206 3957 1375 4025 condonat
1396 3969 1538 4044 peccata
1558 3968 1696 4042 propter
1724 3953 1915 4036 christum,
1946 3966 1981 4023 et
2007 3956 2086 4042 quia
2107 3974 2188 4023 ccn·

46 4100 53 4113 .
170 4046 291 4124 vitam,
323 4045 386 4112 sed
406 4044 512 4112 multa
533 4046 631 4111 etiam
652 4044 686 4109 in
714 4041 781 4108 hac
801 4043 870 4109 rita
890 4043 985 4127 punit
1013 4039 1155 4128 exempli

170 4150 313 4212 caussa,
344 4138 383 4198 ut
410 4130 496 4199 alios
525 4131 569 4197 ad
596 4130 835 4220 poenitentiam
857 4128 985 4194 inritet
1028 4127 1154 4196 Gencs.

169 4214 290 4284 XVlll.
312 4217 359 4282 ait
376 4216 541 4306 Angelos,
563 4237 601 4284 se
623 4213 825 4302 suppliciunt
836 4215 1060 4297 Sodomorum
1076 4215 1154 4282 ideo
1206 4183 1253 4247 ¹⁴³
1273 4181 1380 4266 otene]
1400 4183 1451 4234 Ed·
1471 4184 1497 4233 ²·
1515 4182 1676 4250 praeditos,

1207 4285 1253 4352 lb)
1271 4285 1345 4336 Facit
1363 4288 1441 4337 etiam
1459 4286 1494 4338 ad
1512 4287 1659 4363 docendum
1677 4286 1831 4352 exponam]
1848 4287 1908 4347 ¹lid.
1928 4286 1953 4338 2.
1971 4282 2085 4337 noum
2101 4292 2127 4333 et
2143 4280 2187 4335 hle

95 4404 102 4424 ,
175 4391 373 4404 -.-...
399 4418 401 4423 ¹
1274 4368 1406 4422 exponere
1846 4380 1849 4385 ·

1205 4458 1251 4526 16)
1269 4474 1287 4510 a
1302 4458 1361 4510 Deo
1379 4474 1434 4510 nou
1452 4461 1610 4526 gubernati]
1626 4459 1678 4512 ltu.
1697 4461 1721 4511 2.
1743 4460 1787 4524 qui
1804 4472 1860 4510 non
1882 4457 2044 4524 gubernatur
2060 4470 2078 4507 a
2093 4455 2163 4518 noo.
2269 4498 2275 4509 .

1205 4563 1251 4630 lt)
1270 4562 1351 4629 enim]
1367 4563 1418 4613 Ed.
1437 4564 1462 4615 l.
1481 4549 1541 4623 cu‘tn

1125 4664 1141 4697 '
1205 4667 1253 4734 1⁸)
1270 4680 1348 4717 omna
1365 4667 1459 4735 gnua}
1478 4667 1529 4720 lid.
1550 4669 1575 4719 2.
1594 4668 1678 4719 onata
1695 4667 1799 4732 renone
1907 4684 1911 4691 ’

1204 4769 1252 4835 19)
1269 4772 1367 4821 Annon
1383 4771 1508 4832 ridemus,
1524 4785 1588 4836 quaa
1606 4796 1640 4808 -
1656 4768 1778 4836 perducti]
1795 4769 1823 4818 in
1840 4765 1889 4820 Μ.
1908 4768 1934 4817 l.
1953 4766 2048 4819 detaut.

170 4909 456 4978 rerer-22
984 4923 989 4931 ·
1204 4867 2190 4994 ratur*

169 5013 221 5082 ιι)
237 5013 340 5079 ὥθῦῑ]
355 5013 405 5065 ffl-
425 5015 451 5067 ²·
470 5014 563 5087 dim*
1272 5011 1401 5074 facinora,
1419 5019 1448 5060 nt
1463 5026 1510 5078 per
1528 5025 1572 5061 eas
1589 5011 1746 5062 occasiones
1763 5011 1859 5076 perdat
1874 5010 1943 5060 illos.

171 5115 220 5187 n)
236 5117 413 5182 madan,
430 5115 634 5184 corripiendum]
651 5113 702 5168 lta
720 5118 746 5171 1.
764 5117 942 5183 unum,
960 5115 1154 5182 templum
1203 5116 1252 5183 bl)
1270 5130 1349 5183 quan
1365 5113 1517 5183 vomunt}
1533 5113 1585 5170 ltu.
1601 5116 1627 5168 2.
1645 5130 1723 5182 qun
1740 5114 1859 5181 quetidie
1876 5110 2015 5165 modurn

169 5217 628 5290 mnu-annuamus
881 5225 886 5231 ’
983 5258 991 5274 .
1204 5216 1802 5286 22)κιὼη1ΜΜΙΒΗ.ΜΙΜ

187 4491 1054 4565 i)Artlaoll-8noulsa]boacimsriotioielid.2.deae.

108 4614 114 4621 ·
190 4598 221 4669 d)
239 4599 342 4668 docuit]
361 4599 412 4655 tta
429 4601 455 4652 ί.
474 4600 552 4650 docet

188 4697 1058 4778 ⁸)etirtaputoreatradarallld.2.estleuretlprltr·adere

188 4806 221 4876 i)
237 4806 394 4877 sufflante]
410 4807 461 4861 nd
480 4809 505 4861 2.
524 4805 665 4861 vocuo-rt
