4642 5594
767 328 808 398 n.
853 329 893 401 B.
938 323 1186 397 CONFESSIO
1208 323 1487 394 AUGUSTANA
1508 323 1622 394 lesa
1711 378 1717 401 ‚
1886 408 1892 415 .
1928 346 1931 351 ·
2139 325 2208 396 sao

394 515 559 595 Confessio
577 522 583 597 Ι
598 515 677 598 fidei
699 519 839 582 solidita
871 521 919 580 io·
944 516 950 604 Ι
973 517 1091 580 oictirr.
1136 515 1231 597 lmpa.
1261 513 1380 579 Corolo
1417 515 1454 577 V.
1474 514 1480 601 Ι
1501 516 1633 579 Caesari
1654 513 1737 599 Aaq.
1762 519 1797 577 in
1825 515 1976 600 Comicijr
1992 515 2000 599 Ι
2017 518 2205 608 depastae}

436 603 528 665 Anao
551 601 598 666 il.
615 603 660 667 D.
679 602 781 668 XXX.
801 607 808 689 Ι
826 605 1010 668 Additoeat
1027 600 1188 684 Apologia
1207 601 1421 682 consessionis
1440 605 1445 686 Ι
1464 603 1634 686 diligenter
1650 607 1822 686 recopnito,
1843 608 1850 688 Ι
1868 601 1912 666 Et
1932 611 1937 685 Ι
1957 602 2122 684 Corrserm‘o
2150 605 2206 667 olo·

436 693 513 752 ciri·
533 691 538 774 Ι
556 707 616 751 noe
638 690 847 755 Eccleriorom
868 691 926 753 So·
945 693 950 776 Ι
969 693 1157 753 :comicorum
1178 691 1300 769 scripto
1321 688 1412 750 Arato
1438 695 1533 769 1551,
1553 692 1559 776 Ι
1586 690 1625 752 Vt
1646 689 1779 774 Syrzodo
1800 688 2004 753 liidrotinoe
2021 701 2028 771 Ι
2047 690 2206 755 exhibere·

437 784 498 839 tur.
518 780 524 858 Ι
541 774 633 838 Prot.
652 777 768 847 CXIX.
787 779 793 863 Ι
812 779 856 841 Et
873 776 1021 860 loquebar
1043 777 1084 837 cle
1111 777 1299 858 testimom'jr
1327 777 1388 836 troia
1418 779 1452 838 in
1476 797 1549 839 com
1568 776 1573 863 Ι
1593 785 1702 859 spoectu
1723 775 1861 859 Rapum,
1893 783 1924 839 et
1947 797 2011 839 aaa
2035 779 2207 859 confractis·

436 865 504 928 bor.
535 864 540 942 Ι
568 861 661 926 Aurio
693 865 738 929 M.
766 865 812 931 D.
843 863 931 926 LIX.
960 901 1002 913 -
1032 860 1064 924 ln
1095 863 1154 925 fine
1182 861 1265 927 libri:
1305 860 1544 944 Wittemberqoe
1569 882 1612 923 aa
1640 863 1646 944 Ι
1677 865 1804 945 officina
1831 863 1926 926 Petri
1951 865 2045 930 Soita.
2074 866 2080 948 Ι
2110 867 2205 929 Auno

435 949 481 1014 M.
499 948 544 1013 D.
561 948 651 1014 LIX.
671 951 677 1034 Ι
695 951 778 1014 idib.
795 950 898 1032 April.
944 953 1008 1036 41Ι
1030 948 1132 1031 plagg.
1153 952 1190 1011 8⁰
1207 951 1293 1023 mim,
1318 969 1443 1030 quarum
1463 954 1481 1012 8
1499 951 1618 1031 priores
1642 949 1752 1013 litteris
1771 951 1875 1014 A-tt
1892 953 2048 1034 signatae,
2073 954 2114 1014 64
2139 950 2205 1015 tott.

370 1058 374 1065 ·
437 1058 496 1099 non
515 1057 614 1113 unm,
633 1035 872 1103 contessionem
891 1038 1063 1113 continent,
1082 1039 1142 1183 23Ι
1163 1044 1332 1117 sequentes
1351 1036 1462 1099 litteris
1481 1056 1576 1112 a-a,
1595 1037 1644 1098 Aa
1662 1037 1727 1117 (iol.
1750 1042 1859 1118 1-3.)
1877 1039 2032 1119 signatae,
2059 1042 2118 1101 181
2138 1037 2205 1103 loll.

437 1144 518 1186 unm.
538 1122 721 1206 apologiam
741 1145 809 1188 cam
826 1123 886 1186 hoo
904 1122 1051 1205 peculiari
1067 1123 1125 1185 titu
1139 1144 1171 1184 o:
1189 1122 1308 1203 sipoto·
1332 1124 1338 1206 Ι
1363 1126 1419 1205 qia
1438 1125 1443 1209 Ι
1464 1123 1594 1206 Confer·
1614 1126 1618 1208 Ι
1638 1126 1746 1186 monis.
1767 1129 1772 1207 Ι
1798 1121 1936 1205 (insigne
1953 1132 2088 1207 typogr.:
2112 1122 2203 1188 lonas

437 1229 457 1276 e
477 1211 576 1293 piscis
594 1208 733 1272 saucibus
755 1212 925 1294 proiectus)
944 1211 951 1296 Ι
969 1208 1150 1291 Diligenter
1166 1230 1213 1271 re·
1234 1211 1238 1293 Ι
1258 1213 1397 1291 coquito.
1417 1213 1422 1290 Ι
1442 1212 1651 1291 (Asteriscus)
1671 1212 1677 1296 Ι
1695 1212 1788 1274 Anao
1809 1210 1897 1274 XLI.
1942 1209 2038 1293 Seqq.
2061 1210 2205 1293 plagulae

437 1298 487 1359 Aa
508 1294 1010 1381 (t01.4-8),Bo-tt,‘1(k(tot.
1032 1303 1058 1359 1.
1080 1297 1141 1375 3.),
1160 1295 1212 1360 iol.
1233 1299 1463 1360 ιιι-15141
1486 1301 1503 1359 2
1524 1297 1588 1361 ioli.
1607 1317 1666 1359 non
1686 1318 1766 1360 num.
1793 1296 1939 1360 exhibent
1966 1295 2206 1361 contessionem

436 1383 592 1446 doctrinae
621 1383 839 1447 Saxonicarum
862 1383 1072 1446 Ecclesiarum
1101 1403 1170 1444 curn
1196 1381 1255 1444 boc
1283 1382 1429 1464 peculiari
1458 1383 1563 1446 titulo:
1593 1383 1739 1468 Sequitm
1757 1387 1763 1467 Ι
1783 1383 1912 1463 Confer·
1930 1383 1937 1466 Ι
1956 1386 2005 1445 rio
2038 1383 2208 1447 doctrinae

437 1468 495 1531 Sa
514 1470 520 1553 Ι
538 1471 722 1533 uomicas-om
753 1469 964 1535 Ecclesiarom
988 1471 994 1552 Ι
1019 1472 1142 1549 scripto
1166 1488 1248 1530 ouao
1278 1467 1409 1530 Domini
1427 1476 1433 1550 Ι
1450 1469 1498 1533 Μ.
1519 1469 1562 1530 D.
1582 1470 1639 1532 1.1.
1668 1478 1701 1534 ot
1726 1471 1859 1554 Synodo
1879 1473 1885 1555 Ι
1908 1467 2110 1533 meantime
2126 1471 2133 1552 Ι
2152 1489 2206 1534 ea·-

436 1554 553 1618 bibere·
573 1557 578 1640 Ι
596 1562 655 1618 tor.
676 1558 682 1642 Ι
701 1558 910 1636 (Asteriscus)
929 1558 936 1641 Ι
953 1554 1074 1622 Psalm.
1095 1554 1209 1622 CXIX
1231 1558 1236 1639 Ι
1256 1554 1421 1639 Loquebor
1445 1555 1486 1616 rle
1509 1559 1697 1643 testimoaijs
1723 1560 1788 1620 tuis
1813 1559 1848 1618 iu
1875 1563 2044 1639 conspectu
2061 1556 2068 1640 Ι
2086 1555 2207 1638 Rapum

437 1650 469 1704 et
485 1661 548 1704 nou
570 1642 794 1721 confundebar.
829 1642 999 1724 Sequentia
1017 1648 1035 1706 9
1054 1641 1129 1705 lolia
1150 1662 1210 1705 non
1235 1663 1333 1716 num,
1351 1640 1405 1706 iol.
1423 1645 1471 1707 at
1541 1641 1623 1705 -lri
1642 1648 1677 1707 3¹³
1697 1646 1853 1707 continent
1873 1644 1990 1726 scripta
2006 1644 2130 1705 aliarum
2147 1641 2217 1704 Ea*

439 1727 602 1791 etesiarum
619 1731 668 1791 sic
690 1730 852 1812 inscriptae
875 1729 1007 1813 Sequere:
1025 1729 1030 1814 Ι
1050 1735 1100 1790 tor
1128 1729 1259 1790 otiorum
1285 1727 1372 1813 Erat
1397 1728 1558 1791 cleriorum
1582 1737 1614 1792 et
1641 1728 1831 1812 Regionum,
1850 1730 1858 1816 Ι
1877 1728 2106 1812 approbator-io
2128 1730 2207 1790 scri·

431 1822 506 1898 pto,
527 1816 531 1901 Ι
549 1814 655 1898 quibas
676 1816 784 1878 eodem
814 1816 944 1895 Confer·
964 1817 969 1901 Ι
987 1817 1038 1877 sio
1061 1822 1093 1877 ct
1116 1815 1310 1896 approbator
1328 1817 1334 1900 Ι
1352 1822 1385 1877 et
1412 1818 1570 1898 confirmae
1589 1821 1595 1898 Ι
1615 1824 1689 1890 toa,
1718 1837 1846 1900 qnorum
1875 1817 1925 1879 fini
1955 1815 2105 1879 Clausala
2132 1815 2205 1878 sub·

437 1903 539 1965 innota
555 1908 621 1975 est3
639 1901 778 1966 altimum
794 1901 847 1966 tol.
866 1902 920 1985 (Ll
939 1906 973 1981 4)
990 1901 1093 1964 album
1111 1908 1172 1964 est.
1185 1903 1220 1985 ⁰)

342 2013 430 2078 Hauc
446 2013 523 2088 Ed,
541 2033 621 2096 quaa
639 2011 877 2077 contessionem
894 2012 946 2076 lat
965 2034 1004 2075 cx
1020 2011 1165 2076 Editione
1187 2034 1214 2076 a
1235 2017 1456 2077 1541-1542.
1478 2035 1617 2077 recusam
1642 2015 1791 2088 continet,
1813 2014 1846 2078 ir.
1870 2013 1894 2078 l.
1919 2035 1987 2078 eam
2016 2015 2056 2077 ob
2079 2032 2205 2079 cansam

188 2102 341 2176 receusui,
359 2123 398 2163 na
416 2102 487 2182 quis
506 2102 662 2182 opinetur,
680 2107 801 2183 praeter
821 2099 893 2163 illas
915 2107 980 2163 tres
1007 2101 1078 2162 eius
1108 2098 1270 2163 Editiones
1294 2102 1333 2164 ab
1357 2106 1479 2163 auctore
1513 2103 1644 2164 variatae
1674 2102 1830 2184 prodiisse
1859 2103 1953 2165 etiam
1986 2107 2123 2185 quartam
2151 2099 2204 2164 irie

187 2207 344 2250 ommsam.

342 2272 535 2356 Quamquam
555 2271 736 2351 Melanthos
754 2275 785 2335 iu
803 2272 854 2335 bis
872 2273 969 2336 tribus
986 2272 1181 2335 Editionibns
1198 2269 1438 2335 contessionem
1454 2271 1609 2335 Editionis
1627 2275 1772 2356 principis
1786 2273 1947 2357 permultis
1968 2270 2048 2335 locis
2066 2273 2205 2347 mutavit,

185 2365 286 2422 tamen
304 2360 364 2421 sibi
383 2362 444 2443 ipsi
462 2362 491 2423 in
510 2359 570 2422 boc
591 2354 694 2423 studio
712 2360 858 2423 articulos
881 2361 949 2421 eius
967 2360 1065 2439 magis
1083 2360 1242 2439 magisque
1260 2358 1431 2440 explicandi
1450 2380 1509 2421 oon
1527 2360 1691 2425 satisfecit.
1720 2361 1755 2424 ln
1773 2359 1907 2443 epistola
1925 2360 2005 2423 enim
2017 2358 2046 2423 d.
2066 2366 2094 2425 1.
2115 2359 2203 2442 Sept.

187 2451 280 2508 1547.
301 2445 342 2508 ad
363 2443 571 2509 (temerarium
589 2447 660 2509 data
682 2443 788 2529 (Corp.
806 2443 862 2508 Vl.
880 2467 911 2528 p.
936 2449 1025 2525 659.)
1043 2445 1092 2507 sio
1114 2445 1154 2507 de
1172 2444 1234 2507 iilis
1252 2445 1379 2511 iudicat:
1399 2444 1633 2525 Confessioncm
1650 2449 1866 2530 Auqustumom
1891 2467 1930 2509 eo
1953 2453 1986 2510 ta
2011 2447 2042 2508 in
2065 2465 2206 2529 graecam

183 2530 318 2613 linguam
340 2532 553 2596 transfundere
570 2533 716 2614 gaudeo,
728 2535 802 2614 quia
817 2554 872 2615 pro
891 2532 1005 2598 nostris
1023 2531 1145 2593 horride
1165 2533 1306 2613 scriptis,
1324 2530 1481 2595 habebunt
1498 2532 1630 2596 studiosi
1648 2541 1701 2596 tua
1718 2533 1772 2596 illa
1788 2533 1916 2596 nitidius
1943 2534 2073 2615 scripta,
2098 2539 2131 2596 et
2159 2532 2206 2595 le·

69 2653 80 2667 ⁴
184 2626 258 2699 gent
273 2617 389 2701 piures.
434 2618 480 2682 'ia
497 2626 597 2682 tamen
616 2621 743 2701 optarim
758 2620 865 2682 brevia
882 2618 935 2681 illa
950 2616 1103 2704 κεφάλαια
1119 2618 1309 2700 longioribus
1327 2617 1583 2701 explicationibus
1602 2641 1719 2685 ornare.
1755 2618 1856 2683 Nemo
1874 2627 1947 2683 tunc
1966 2639 2023 2682 nos
2041 2619 2207 2682 adiuvabat

182 2703 226 2767 Et
237 2711 313 2854 ¹qxrqt
329 2726 390 2769 non
415 2708 525 2788 exigua
548 2705 689 2770 contusio
713 2706 961 2792 disputationum.
1004 2705 1096 2769 Nunc
1113 2704 1268 2787 aliquanto
1285 2704 1374 2770 aliter
1390 2727 1442 2769 res
1461 2707 1588 2770 easdem
1606 2709 1810 2788 instituerem,
1827 2714 1860 2770 et
1877 2707 2037 2770 recitarem
2055 2706 2206 2788 quaedam

204 2811 237 2853 ro
292 2811 362 2856 us«

182 2811 204 2874 p
338 2876 406 2942 Has
423 2885 488 2943 aas
514 2877 686 2941 Editioaca
710 2882 854 2943 variator
876 2900 955 2942 nunc
977 2879 1080 2942 denuo
1104 2878 1153 2940 sio
1176 2877 1251 2951 erlo,
1278 2886 1313 2942 ut
1339 2885 1455 2942 textum
1476 2877 1642 2942 Editiouis
1665 2901 1695 2942 o.
1723 2882 1950 2944 1535-1540.
1980 2886 2123 2961 tanquam
2147 2880 2205 2962 pri-

184 2964 298 3026 mariae
315 2953 445 3041 illarum,
462 2954 668 3029 recudendam
687 2985 804 3039 curem,
827 2973 919 3047 atque
936 2964 1035 3037 locos,
1054 2966 1169 3047 quibus
1192 2963 1330 3048 reliquae
1357 2965 1437 3028 duae
1461 2974 1554 3046 atque
1577 2966 1636 3030 Ed.
1661 2967 1806 3049 princeps
1830 2966 1870 3028 ab
1899 2964 1958 3027 irac
1988 2965 2147 3038 differunt,
2173 2966 2205 3028 ia

184 3051 318 3133 margine
337 3052 478 3115 interiora
500 3052 682 3116 adscribam.
715 3051 748 3115 ln
767 3051 818 3114 his
835 3053 1079 3117 annotationibus
1098 3051 1277 3116 Editiooem
1294 3053 1471 3134 principem
1486 3052 1559 3115 Mel.
1572 3074 1602 3115 a.
1618 3057 1712 3118 1531.
1734 3057 1781 3117 4⁰.
1797 3053 1929 3133 signabo
1941 3049 2004 3113 Eri.
2020 3057 2056 3135 1.,
2073 3050 2203 3114 Editio·

184 3154 252 3198 mem
270 3159 299 3201 o.
321 3142 414 3203 1531.
433 3143 478 3204 8⁰.
496 3141 644 3221 (patrnam
659 3142 846 3218 variatam:
863 3139 927 3203 Ed.
947 3142 991 3218 23
1014 3138 1199 3200 Editiouem
1216 3157 1245 3200 o.
1271 3143 1492 3204 1535-1540.
1511 3143 1560 3206 4⁰.
1578 3138 1956 3221 (immmaculatum
1974 3134 2040 3202 Ed.
2059 3141 2100 3211 3.,
2122 3133 2203 3200 Edi·

134 3270 156 3303 a
184 3225 300 3287 tionerm
316 3245 347 3286 o.
369 3230 592 3289 1541-1542.
612 3231 658 3290 8⁰.
682 3229 821 3305 (tertiam
841 3227 1026 3306 uariatum:
1047 3223 1110 3287 Ed.
1130 3228 1159 3288 4.

339 3309 509 3392 Praefatio
527 3312 572 3374 oct
589 3312 722 3376 lectores
743 3314 774 3375 in
791 3311 886 3377 Editt
905 3315 1000 3375 2-4.
1023 3312 1062 3375 ab
1082 3310 1142 3374 Ed.
1171 3315 1199 3375 1.
1223 3316 1340 3375 taotrnn
1362 3332 1399 3374 eo
1430 3310 1545 3390 diiiert,
1570 3311 1654 3394 quod
1675 3313 1706 3375 in
1730 3314 1798 3376 eius
1824 3311 1971 3396 principio
1995 3311 2104 3375 verbus
2133 3316 2207 3376 mate

185 3396 267 3460 dacor
282 3415 401 3462 mererer
422 3407 537 3465 mutata
554 3407 628 3463 suat
644 3401 691 3461 in:
709 3407 782 3462 ome
803 3405 956 3461 semestra.
999 3397 1087 3461 Haec
1105 3398 1203 3472 enirn,
1222 3400 1283 3463 etsi
1301 3398 1341 3461 ad
1358 3398 1457 3461 solam
1475 3399 1537 3463 Ed.
1554 3402 1584 3463 2.
1603 3399 1766 3483 quadrant,
1789 3406 1893 3464 tamen
1910 3400 2003 3464 edam
2029 3401 2059 3463 tn
2084 3398 2205 3464 seriori·

184 3485 246 3549 bus
263 3483 357 3550 Edita
376 3491 405 3549 3.
426 3491 456 3550 4.
474 3489 605 3571 repetito
625 3492 706 3551 suat

823 3748 1088 3852 FIDEI
1139 3739 1571 3835 E'XHIBITA

817 3893 1570 3962 lttvlcttSS.1MP.cAR01.0

849 4006 902 4109 V.
935 4023 1100 4112 Caesari
1130 4025 1241 4138 Aug.
1271 4026 1314 4111 in
1346 4023 1537 4139 Comicijs

1053 4172 1337 4239 AVGVSTAE
1428 4168 1434 4179 ’

935 4293 1117 4361 Α’ΝΝΟ.
1152 4296 1197 4359 Μ.
1236 4294 1278 4363 Ι).
1312 4295 1450 4360 XXX.

481 4407 494 4417 ⁸
608 4424 658 4489 Ex
674 4400 801 4490 amiato
816 4425 962 4490 Editioue
979 4426 1253 4508 Wittembergeusi
1271 4446 1299 4488 a.
1322 4429 1415 4491 1540.
1434 4428 1473 4488 4⁰
1493 4423 1567 4508 (Ed.
1583 4428 1634 4506 a.)
1650 4444 1770 4500 manaa,

632 4544 665 4601 et
682 4558 750 4601 cum
766 4537 911 4605 Editiono
927 4537 1004 4602 Mol.
1021 4540 1156 4623 principa
1173 4559 1202 4602 a.
1228 4543 1322 4618 1531.
1340 4542 1379 4601 4⁰
1395 4535 1467 4621 (Ed.
1489 4541 1548 4618 1.),
1567 4559 1604 4602 ac
1620 4539 1754 4600 coriatis

752 4647 950 4714 Editionibus
968 4649 1302 4735 Wittambergensibus
1319 4669 1465 4733 anuopum
1485 4654 1578 4714 1531.
1598 4654 1636 4714 8⁰
1732 4711 1738 4726 ,

804 4760 877 4845 (ιιι.
896 4765 944 4850 a.)
962 4772 994 4827 et
1014 4766 1234 4828 rsa-1542.
1254 4766 1291 4827 8⁰
1309 4754 1382 4845 (aa
1402 4766 1448 4841 4.)
1466 4759 1587 4828 ortua.

733 4922 985 4993 PRAEFATIO
1005 4923 1071 4992 AD
1090 4923 1335 4995 CAESAREM
1357 4922 1581 4994 CAROINM
1602 4923 1646 4993 V.

343 5061 442 5145 (Haec
457 5060 612 5167 Praelatio
629 5062 660 5127 ir.
677 5060 699 5128 t
715 5063 962 5147 praetermittitur
978 5082 1047 5127 eam
1065 5068 1105 5130 ob
1127 5086 1264 5140 eausam,
1282 5064 1367 5148 quod
1384 5085 1453 5128 cam
1469 5063 1539 5139 illa,
1562 5083 1643 5146 qnae
1666 5081 1762 5147 supra
1782 5058 1814 5148 p.
1833 5065 2015 5129 toa-ms.
2038 5082 2079 5129 ax
2094 5060 2155 5130 Ed.
2175 5069 2205 5129 1.

296 5255 412 5329 'aare
427 5256 487 5322 m,
502 5266 570 5325 aaa
587 5242 651 5311 ren
667 5255 696 5310 a
711 5254 779 5311 nea
795 5253 869 5310 rura
886 5257 937 5321 aa
951 5254 1163 5312 severinum
1187 5257 1263 5322 nm
1290 5254 1468 5312 nurnero
1484 5256 1504 5312 ι
1521 5255 1540 5316 ι
1557 5254 1589 5312 u
1607 5255 1633 5323 n
1653 5254 1712 5312 ιιι.
1727 5250 1771 5312 nr.
1789 5255 1814 5311 ι.
1831 5258 1902 5312 reae
1919 5255 1991 5311 uta
2008 5266 2056 5312 aa
2071 5253 2206 5311 mama

343 5329 506 5396 recensata,
520 5327 549 5382 tn
564 5326 659 5395 ambas
675 5323 1042 5405 sammonicum
1057 5338 1087 5386 a.
1107 5326 1288 5379 leel-msa.
1306 5325 1418 5392 reputa
1436 5329 1486 5383 eat
2024 5332 2027 5337 “
