4642 5594
142 330 207 403 385

142 520 284 587 dendam
305 538 385 585 esse
408 518 593 583 orationem
614 537 656 583 ac
679 517 791 594 fidem,
814 536 900 602 quae
917 526 1041 581 statuat
1063 537 1123 581 no·

141 606 194 673 bis
216 608 226 671 i
252 605 358 673 nosci.
392 603 436 669 Et
457 602 523 670 alio
546 604 579 668 ln
595 600 672 668 loco
695 605 752 681 ait,
775 601 921 668 Peccata
942 613 1000 667 tua
1023 602 1123 669 dicito

141 704 177 759 vt
199 628 321 758 deleas.
367 688 403 756 Si
425 690 526 776 pudet
548 690 661 756 dicere
683 690 772 775 quod
797 688 1016 773 peccaueris‚
1046 689 1124 754 dici·

140 789 177 845 to
198 777 345 865 quotidie
367 779 401 842 in
423 779 532 842 anima
554 787 618 841 tua.
661 775 738 841 Non
762 775 838 842 dico
864 784 901 839 vt
932 772 1122 840 confitearis

142 884 183 932 oa
204 884 318 936 seruo,
341 874 377 928 vt
400 864 589 948 exprobret.
634 861 699 928 Dic
718 859 802 933 Deo,
827 872 863 925 vt
885 873 981 926 curet
1002 880 1053 926 ea.

227 949 364 1016 Fatetur
393 960 426 1015 et
450 947 567 1036 glossa
588 948 623 1012 in
649 946 806 1014 Decretis
834 950 876 1013 tle
908 947 1121 1033 poenitentia,

141 1036 352 1102 distinctione
381 1037 510 1122 quinta,
545 1031 800 1099 Confessionem
828 1034 1010 1099 institutam
1044 1051 1123 1098 esse

140 1123 183 1192 ab
201 1121 377 1202 Ecclesia,
399 1141 463 1187 neo
484 1121 612 1207 precipi
634 1141 707 1186 eam
734 1119 766 1184 in
796 1119 969 1205 scripturis
996 1119 1121 1183 veteris

139 1221 173 1276 et
195 1208 274 1274 noui
295 1207 499 1288 testamenti,
527 1205 616 1273 ldem
644 1203 793 1292 plerique
823 1207 979 1271 doctores
1010 1223 1121 1270 sense-

139 1305 228 1362 runt.
274 1293 386 1367 Quare
407 1293 571 1358 sententia
599 1304 715 1357 nostra
743 1294 785 1357 de
816 1288 1039 1357 confessione
1066 1311 1122 1355 ne·

140 1400 206 1470 que
226 1399 328 1459 noua,
348 1399 458 1465 neque
480 1379 628 1444 absurda
645 1389 709 1444 cst.

227 1465 401 1532 Postremo
424 1467 466 1530 de
488 1461 773 1531 satisfactionibus
796 1459 851 1527 vel
873 1464 1013 1527 maxime
1034 1484 1054 1527 ο
1079 1483 1120 1528 us

140 1549 202 1619 fuit
222 1553 350 1617 moneri
371 1551 444 1636 pias
467 1561 605 1615 mentes.
649 1549 734 1615 Nam
763 1544 1014 1614 satisfactiones
1042 1484 1119 1634 plus

140 1638 237 1706 otiam
260 1637 459 1702 incommodi
482 1636 673 1702 babuerunt
695 1656 791 1722 quam
820 1631 878 1698 illa
905 1637 1118 1700 enumeratio.

54 1762 63 1780 κ
141 1723 381 1790 obscurabant
403 1723 488 1787 enim
504 1721 706 1787 beneficium
729 1719 870 1799 Christi,
893 1723 969 1806 quia
991 1720 1119 1787 indocti

162 1813 300 1876 utabant
323 1830 362 1874 se
384 1810 614 1874 remissionem
645 1805 762 1894 culpae
791 1807 953 1892 consequi
981 1817 1120 1891 propter

138 1919 149 1963 r
176 1896 353 1982 apropria
371 1914 484 1979 opera,
507 1894 627 1960 deinde
649 1894 679 1958 si
702 1894 780 1980 quid
802 1893 835 1958 in
853 1892 906 1957 bis
929 1904 1001 1957 erat
1022 1892 1121 1956 ornis·

139 2002 231 2062 sm,
266 1980 493 2047 conscientiae
525 1982 813 2066 perturbabantur.
864 1977 961 2057 ltem,
998 1974 1121 2064 delige·

140 2071 259 2135 bantur
280 2068 500 2144 ceremoniae,
523 2066 820 2152 peregrinationes,
842 2074 875 2130 et
891 2062 990 2128 huius
1020 2083 1121 2150 gene·

137 2155 185 2220 ris
206 2151 273 2218 alia
294 2150 421 2217 inutilia
443 2173 564 2238 opera,
590 2171 658 2216 non
681 2151 839 2216 mandata
866 2150 1032 2215 diuinitus·
1078 2148 1120 2213 Et

138 2241 191 2306 his
226 2237 397 2326 fingebant
438 2239 500 2325 ipsi
539 2238 696 2304 doctores
736 2238 947 2321 compensari
980 2245 1122 2302 mortem

137 2336 317 2394 aeternam.

224 2411 339 2498 ltaque
356 2409 509 2476 duximus
525 2410 598 2496 pias
616 2418 744 2476 mentes
763 2405 953 2473 liberandas
973 2427 1050 2474 esse
1065 2405 1119 2472 his

116 2488 360 2576 'erroribusct
373 2495 531 2563 docemus
543 2492 805 2573 satisfactiones
817 2492 973 2559 videlicet
985 2494 1118 2558 canoni·

138 2605 198 2652 eas
210 2580 299 2661 illas,
311 2591 395 2670 quas
408 2583 471 2732 ipsi
491 2594 613 2647 vocant
632 2602 734 2666 opera
751 2581 897 2646 indebita
914 2591 978 2645 etc.
996 2599 1059 2645 nec
1075 2579 1119 2645 ad

137 2669 366 2736 remissionem
379 2689 419 2733 cu
434 2688 508 2753 pae,
515 2667 627 2735 necad
639 2668 870 2732 remissionem
878 2686 1007 2751 poenae
1015 2677 1118 2731 aeter-

137 2775 202 2821 nae
211 2754 387 2841 prodesse,
398 2774 462 2819 nco
474 2774 552 2820 esse
568 2753 786 2819 necessarias.
822 2751 910 2819 Olim
921 2755 954 2817 in
965 2749 1119 2818 Ecclesia

137 2860 212 2907 mos
224 2839 284 2908 fuit
294 2841 327 2906 in
339 2837 473 2927 publica
484 2841 696 2926 poenitentia,
705 2860 772 2904 non
785 2841 938 2925 recipere
946 2836 1063 2921 lapsos
1076 2838 1120 2902 ad

25 3003 29 3010 ,
137 2926 325 2994 Ecclesiam
346 2927 537 3005 redeuntes,
550 2926 612 2992 nisi
625 2926 736 2992 addita
747 2922 859 3011 aliqua
871 2923 995 2990 mulcta
1008 2943 1113 2989 exem·

159 3010 184 3081 li
206 3032 321 3092 eausa,
342 3012 395 3078 Ab
426 3010 484 3077 illo
513 3031 606 3077 more
633 3022 711 3076 sunt
739 3023 833 3076 ortae
861 3007 1120 3088 satisfactiones,

137 3034 208 3166 gad
231 3111 365 3165 veteres
387 3096 445 3163 illo
465 3096 616 3183 exemplo
639 3094 796 3162 volebant
813 3094 972 3182 populum
993 3117 1015 3160 a
1042 3116 1118 3242 pec,-

140 3186 248 3252 cando
270 3186 456 3256 deterrere,
486 3203 554 3249 non
576 3185 765 3248 sentiebant
788 3184 1009 3248 ceremoniam
1030 3177 1120 3246 ilam

140 3292 217 3337 esse
239 3272 543 3357 compensationem
566 3266 686 3354 culpae
696 3268 751 3334 vel
764 3279 921 3334 aeternae
934 3273 964 3313 ⁸¹
1002 3269 1120 3333 mortis

138 3356 195 3511 vqs}
227 3357 428 3445 purgatorij,
461 3354 554 3420 llaec
582 3365 702 3441 postea
734 3353 936 3420 affinxerunt
992 3355 1120 3419 omines

197 3443 276 3509 octi.

226 3528 296 3594 Sed
318 3540 451 3595 veteres
473 3524 521 3592 illi
549 3547 661 3592 mores
689 3538 836 3611 tempore
864 3537 1122 3605 consenuerunt,

141 3627 174 3681 et
195 3615 356 3701 antiquati
376 3626 462 3680 sunt.
506 3613 580 3678 Nos
611 3613 711 3700 igitur
733 3635 802 3679 non
836 3632 1014 3679 oneramus
1046 3633 1122 3677 con·

141 3701 302 3767 scientiae
325 3698 626 3779 satisfactionibus,
649 3699 719 3766 Sed
741 3698 824 3764 illud
848 3700 1031 3777 docemuS,
1054 3695 1121 3763 fru-

141 3799 216 3853 ctus
244 3787 466 3872 poenitentiae
500 3787 713 3852 necessarios
751 3806 853 3864 esse,
887 3785 1120 3863 obedientiam,

140 3874 291 3941 timorem
308 3871 384 3953 Dei,
408 3872 518 3952 fidem,
541 3870 761 3951 dilectionem,
779 3873 975 3949 castitatem,
997 3881 1031 3936 et
1053 3872 1122 3936 vni-

140 3980 273 4027 uersam
301 3960 480 4028 nouitatem
517 3958 654 4044 spiritus
689 3959 813 4024 debere
848 3958 883 4023 in
917 3959 1015 4024 nobis
1050 3977 1122 4023 cre·

138 4065 245 4113 scere.
538 4058 544 4067 ·

224 4127 402 4196 Monemus
425 4143 458 4196 et
479 4127 576 4213 illud,
598 4149 701 4216 saepe
728 4129 838 4216 puniri
854 4142 998 4216 peecata
1025 4128 1123 4194 etiarn

140 4228 204 4284 tem
230 4215 724 4302 oralibuspoenisinhacrita,
746 4226 792 4295 vt,
803 4215 926 4295 Dauid,
947 4214 1122 4295 Manasse,

140 4313 173 4370 ot
227 4302 250 4388 ij
274 4300 369 4368 multi
390 4304 494 4388 puniti
525 4314 622 4382 sunt,
656 4301 700 4368 Et
732 4302 794 4367 bas
825 4321 954 4389 poenas
980 4301 1124 4388 mitigari

140 4389 302 4455 docemus
321 4390 419 4454 bonis
450 4391 625 4476 operibus,
655 4399 689 4454 et
721 4389 880 4456 vniuersa
908 4391 1122 4473 poenitentia,

139 4467 236 4542 Sicut
258 4476 358 4542 docet
380 4473 519 4555 Paulus,
538 4475 656 4542 Sinos
678 4475 773 4562 ipsos
796 4475 1033 4543 indicaremus.
1054 4496 1122 4539 non

140 4560 363 4628 iudicaremur
389 4582 410 4626 a
438 4560 596 4626 Domino.
640 4559 683 4626 Et
735 4561 913 4630 oenitentia
937 4564 1055 4628 meruit
1087 4570 1123 4626 vt

140 4644 237 4713 Deus
260 4649 457 4715 sententiam
479 4646 682 4735 de-,delenda
702 4584 824 4713 gillius
844 4658 996 4713 mutaret.
1103 4719 1110 4732 ‚

227 4730 295 4812 lta,
329 4755 404 4800 cum
437 4745 535 4799 antea
565 4734 806 4818 disputationes
834 4733 887 4799 'de
919 4733 1123 4818 poenitentia

141 4813 264 4885 fuerint
280 4817 539 4890 inextricabiles,
562 4830 596 4899 et
613 4819 733 4904 plenae
753 4820 977 4887 absurdarum
997 4820 1122 4905 opinio·

141 4924 233 4983 num,
254 4924 344 4969 nuno
365 4916 546 4995 repurgata
568 4906 720 4972 doctrina
740 4906 787 4971 ita
813 4906 958 4972 traditur
984 4903 1122 4993 populo,

141 5002 179 5055 vt
199 4986 339 5076 intelligi
360 4992 479 5077 possit,
501 5005 534 5058 et
551 4992 661 5080 prosit
683 4993 727 5058 ad
743 4992 911 5077 pietatem,
928 4991 1122 5059 lletinemus

142 5085 177 5143 et
196 5073 522 5169 arsamus-varas
544 5078 768 5165 poenitentiae
788 5088 922 5165 partes,
948 5076 1123 5149 contritio·

144 5210 353 5233 *nu—-
388 5227 391 5231 .

143 5276 197 5367 dl).
210 5300 343 5370 aeternae]
362 5286 468 5355 rialid.
485 5275 526 5366 A,
543 5303 595 5357 tta.
613 5304 653 5358 8.:
672 5310 778 5355 aeterne
854 5262 857 5267 ·

341 5419 498 5487 lpum.
510 5421 591 5466 om
607 5421 672 5467 volo,
685 5421 771 5465 ml.

595 342 599 351 =
707 327 748 396 n.
791 326 833 397 a.
893 323 1139 397 oorrassro
1159 322 1441 395 racusanus
1461 280 1575 395 rasa,

2090 290 2158 402 π

1171 537 1259 597 nem,
1281 514 1407 593 Fidem,
1429 515 1705 597 Absolutionem,
1727 515 1969 585 Remisslonem
1997 533 2154 606 peccato·

1171 624 1256 681 rum,
1277 601 1552 668 Emendationem
1574 605 1675 669 totius
1698 603 1797 683 vitae,
1822 605 2058 694 mitigationem
2079 627 2153 694 pre·

1171 688 1313 755 sentium
1336 708 1531 773 poenarum.

1258 773 1311 839 Ac
1333 794 1508 860 speramus
1531 775 1640 839 bonos
1662 778 1753 840 viros
1776 778 1810 840 in
1831 774 1985 842 hocloco
2009 798 2077 844 non
2099 798 2153 845 so·

1170 857 1237 927 lum
1260 857 1340 925 nihil
1361 860 1620 945 reprehendere,
1643 863 1705 926 sed
1735 863 1833 927 etiam
1886 865 2002 929 ratiam
2028 863 2154 932 habere

1171 947 1225 1019 his
1248 947 1303 1032 qui
1322 958 1546 1033 repurgarunt
1563 946 1651 1012 hanc
1663 947 1835 1013 doctrinae
1846 883 2059 1017 thristianae
2079 972 2154 1036 par·

1170 1044 1253 1110 tem,
1277 1054 1377 1119 quam
1398 1035 1538 1116 prodest
1559 1034 1592 1098 in
1615 1031 1780 1099 Ecclesiis
1808 1047 1922 1112 extare
1954 1056 2053 1122 quam
2081 1035 2152 1121 pla»

1169 1119 1365 1203 nissimeil)
1386 1116 1601 1205 explicatam
1625 1130 1726 1205 atque
1754 1117 1969 1198 illustratam,
1997 1121 2152 1190 Christus

1169 1205 1284 1289 inquit,
1306 1202 1461 1292 Angelos
1488 1207 1522 1269 in
1550 1204 1647 1272 coelo
1677 1204 1792 1285 letari,
1828 1227 1902 1271 cum
1930 1206 2044 1273 rident
2069 1210 2152 1274 resi·

1168 1291 1300 1375 piscare
1322 1303 1548 1376 peccatorem.
1594 1290 1709 1377 ltaque
1731 1290 1942 1377 gratulantur
1964 1291 2151 1375 Ecclesiae,

1169 1387 1202 1441 ct
1223 1378 1287 1460 ipsi
1310 1375 1434 1465 angeli,
1455 1399 1572 1463 puram
1595 1378 1637 1444 de
1662 1379 1866 1463 poenitentia
1894 1378 2090 1446 doctrinam.
2104 1383 2150 1462 28)

1303 1590 1372 1656 ΒΕ
1417 1589 1731 1658 DlSCRllillNE
1777 1589 2021 1658 otsonvnt

1360 1692 1425 1760 Er
1464 1691 1735 1760 SlbllLlBVS
1779 1694 1960 1761 TRADl·

1448 1797 1594 1864 tionibus
1617 1797 1807 1886 pontificijs.
1822 1801 1867 1878 88)

1257 1962 1302 2037 ³⁴)
1325 1959 1361 2023 ln
1383 1957 1449 2024 hac
1483 1958 1649 2046 corporali
1677 1963 1747 2026 vita
1774 1981 1858 2046 opus
1886 1974 1939 2026 est
1967 1962 2150 2028 traditioni·

1168 2047 1246 2123 bus,
1266 2044 1334 2110 hoc
1355 2059 1420 2124 est,
1443 2043 1593 2112 locorum
1616 2065 1657 2110 ac
1679 2058 1743 2110 tem
1770 2067 1863 2112 orum
1892 2048 2149 2129 discriminibus,

1168 2143 1205 2197 vt
1227 2132 1342 2195 ordine
1366 2143 1526 2219 gerantur
1548 2151 1603 2196 res
1627 2133 1660 2196 in
1679 2069 1847 2212 Ecclesia,
1871 2135 1957 2198 sicut
1986 2135 2149 2220 praecipit

1169 2215 1315 2296 Paulus,
1342 2229 1379 2283 vt
1406 2220 1514 2283 omnia
1541 2219 1620 2282 liant
1650 2219 1783 2296 ordine,
1818 2230 1851 2283 et
1873 2219 1919 2284 ita
1940 2228 1976 2283 vt
1998 2221 2147 2286 deceant.

1169 2304 1247 2369 ldeo
1271 2314 1304 2367 et
1324 2301 1480 2370 Ecclesia
1501 2304 1603 2368 babet
1627 2305 1840 2383 traditiones,
1867 2302 1934 2369 hoc
1968 2317 2037 2384 est,
2071 2327 2148 2372 con·

1170 2390 1276 2454 stituit
1299 2391 1419 2475 quibus
1447 2391 1672 2475 temporibus,
1704 2391 1761 2454 vbi
1796 2390 1978 2455 conuenire
2004 2391 2150 2477 populus

1170 2477 1300 2540 debeat.
1344 2476 1398 2540 Ad
1420 2476 1510 2541 hunc
1536 2473 1666 2543 ciuilem
1689 2476 1787 2540 linem
1818 2473 1895 2540 licet
1917 2478 2063 2544 condere
2088 2489 2151 2544 tra·

1170 2561 1323 2626 ditiones.
1381 2560 1450 2625 Sed
1484 2559 1638 2626 homines
1672 2563 1812 2648 imperiti
1851 2564 2023 2629 doctrinae
2055 2563 2150 2630 Chri·

1169 2648 1310 2727 stianae,
1329 2667 1398 2712 non
1419 2659 1499 2712 sunt
1520 2648 1586 2714 hoc
1609 2649 1676 2713 tine
1700 2649 1865 2727 contenti,
1894 2651 1956 2714 sed
1985 2646 2152 2737 affingunt

1169 2735 1427 2818 supersticiosas
1450 2735 1624 2820 opiniones
1653 2736 1902 2813 traditionibuS,
1932 2754 2060 2821 easque
2092 2755 2152 2820 per
2255 2792 2258 2797 ,

1168 2820 1440 2904 superstitionem
1479 2822 1551 2885 sine
1592 2822 1692 2884 modo
1732 2816 1910 2885 cumulant.
1965 2820 2002 2883 ld
2041 2823 2152 2906 questi

1168 2917 1248 2971 sunt
1267 2906 1433 2970 accidisse
1450 2904 1484 2970 in
1509 2904 1675 2984 Ecclesia,
1693 2927 1760 2970 non
1784 2916 1912 2970 tantum
1930 2909 2150 2987 recentiores,

1169 2991 1304 3056 Gcrson
1327 3002 1361 3057 et
1384 2988 1439 3076 alij
1463 2991 1608 3077 quidam,
1632 2993 1694 3056 sed
1717 2992 1925 3078 Augustinus
1945 2993 2056 3056 etiam.

1255 3077 1367 3149 Quare
1395 3096 1538 3143 necesse
1568 3074 1804 3162 estpopulnm
1837 3076 2037 3157 admonere,
2071 3077 2152 3183 quid

1169 3162 1211 3227 de
1233 3163 1483 3241 traditionibus,
1511 3182 1597 3248 quae
1618 3162 1762 3229 humana
1792 3163 1968 3228 autoritate
1996 3164 2151 3231 conditae

1168 3250 1301 3314 suntin
1324 3245 1496 3329 Ecclesia,
1516 3250 1730 3316 senciendum
1754 3249 1805 3315 sit.
1848 3248 1966 3336 Neque
1996 3250 2083 3314 enim
2104 3250 2149 3315 ni-

1168 3334 1215 3399 lril
1238 3353 1363 3401 causae
1385 3346 1454 3415 est,
1487 3355 1547 3401 cur
1574 3333 1728 3401 Christus
1757 3345 1790 3400 et
1822 3330 1949 3400 Paulus
1980 3339 2081 3401 toties
2109 3336 2152 3401 de

1169 3422 1402 3491 traditionibus
1432 3422 1690 3502 concionentur,
1724 3433 1757 3487 et
1776 3420 1966 3487 Ecclesiam
1999 3423 2151 3489 admone·

1170 3520 1236 3588 ant,
1259 3520 1294 3573 vt
1317 3509 1500 3592 prudenter
1523 3509 1565 3572 de
1588 3510 1821 3574 traditionibus
1843 3509 1977 3573 iudicet.
2159 3582 2162 3587 .

1256 3595 1331 3658 Euit
1353 3605 1462 3660 autem
1486 3596 1662 3678 persuasio
1685 3591 1819 3679 publica
1834 3614 1902 3657 non
1925 3594 2025 3658 modo
2047 3591 2151 3680 vulgi,

1169 3681 1231 3745 sed
1254 3681 1352 3746 etiam
1371 3680 1558 3746 docentium
1580 3682 1612 3745 in
1631 3677 1814 3758 EcclesiiS,
1843 3680 2032 3745 discrimine
2062 3681 2152 3745 cibo·

1170 3788 1243 3833 rum
1262 3776 1295 3832 et
1315 3763 1434 3832 similia
1456 3786 1571 3851 opera,
1594 3767 1637 3832 de
1659 3766 1779 3853 quibus
1800 3763 2064 3832 Ecclesiasticus
2085 3777 2153 3832 tra·

1171 4093 1219 4161 32)
1236 4092 1396 4162 planissime]
1415 4095 1453 4146 tic
1469 4101 1537 4146 reete
1553 4091 1604 4145 Ed.
1622 4093 1662 4155 4.;
1679 4091 1729 4143 Ed.
1749 4095 1774 4146 3.
1793 4099 1845 4161 typ.
1864 4108 1961 4145 more:
1984 4092 2151 4159 planissimae

1171 4180 1219 4248 33)
1237 4180 1279 4231 De
1298 4180 1446 4232 discrimine
1465 4180 1583 4230 ciborrm
1601 4187 1627 4230 et
1644 4180 1771 4230 similibvs
1790 4179 1972 4230 traditionibus
1988 4176 2153 4244 pontificijs.]

1240 4252 1279 4300 sic
1295 4248 1336 4301 bic
1359 4256 1408 4301 art.
1432 4250 1459 4299 ia
1482 4249 1564 4300 Editt.
1588 4250 1613 4302 3.
1638 4250 1664 4302 4.
1691 4250 1826 4315 inscriptas
1849 4255 1900 4309 ατς
1924 4250 1952 4299 r'a
1974 4248 2055 4300 Editt.
2082 4250 2106 4300 1.
2125 4250 2151 4299 2.

1241 4318 1314 4371 dubet
1331 4317 1394 4370 barre
1412 4317 1548 4370 breviorem
1564 4318 1762 4384 inscriptionem:
1785 4318 1828 4368 De
1854 4317 2004 4367 discrimino
2025 4316 2152 4368 ciborvm.

1241 4416 1275 4427 -
1293 4384 1344 4440 Ht'c
1362 4395 1423 4451 ort,
1442 4389 1485 4455 put'
1502 4388 1528 4436 r'n
1546 4388 1629 4437 Editt.
1648 4389 1674 4441 3.
1691 4389 1717 4440 4·
1734 4392 1839 4454 quarta
1863 4392 1912 4448 est,
1931 4387 1958 4435 t'n
1974 4385 2056 4437 Editt
2081 4389 2106 4439 1.
2124 4387 2150 4439 2.

1240 4458 1324 4525 qrtt'ato
1343 4456 1395 4508 loeo
1408 4458 1566 4527 proponitur.

1173 4544 1221 4612 34)
1239 4544 1272 4594 In
1288 4543 1339 4594 bac
1357 4545 1487 4610 corporali
1505 4545 1561 4595 vite
1578 4570 1612 4580 -
1634 4570 1668 4581 -
1685 4541 1766 4592 multa
1787 4548 1944 4607 pepererunt
1964 4538 2153 4610 incommoda}

1241 4615 1278 4664 ric
1304 4610 1351 4664 ltoc
1374 4614 1527 4681 perticipium
1554 4610 1627 4663 buius
1653 4618 1702 4663 cet.
1725 4617 1844 4661 tammum
1862 4617 1897 4661 eet
1920 4610 1947 4659 t'n
1969 4610 2051 4661 Editt.
2068 4612 2094 4665 3.
2110 4610 2153 4674 4.;

1239 4698 1295 4732 amn
1317 4684 1346 4733 is
1361 4682 1413 4733 Ed.
1432 4685 1456 4736 l.
1479 4697 1530 4749 pro
1555 4681 1607 4732 iliis
1632 4679 1746 4747 loquutur
1768 4678 1830 4732 boso
1851 4677 1944 4732 veta:
1965 4678 2076 4731 Publica
2093 4694 2152 4746 per·

1239 4749 1328 4802 suasio
1344 4751 1446 4802 fuit-
1463 4751 1681 4801 -incommoda
1698 4750 1727 4800 in
1744 4748 1865 4800 Ecclesia
1882 4755 1971 4801 secata
1988 4756 2057 4800 sunt.
2080 4748 2152 4815 (vids

1240 4836 1318 4887 supro
1330 4836 1358 4887 p.
1377 4821 1437 4874 304.
1457 4820 1499 4873 lfa.
1519 4820 1625 4882 6-18.)
1660 4818 1700 4870 Ab
1718 4815 1757 4870 bie
1779 4816 1861 4870 aeon
1886 4816 2018 4871 narona
2036 4820 2061 4873 1.
2088 4816 2153 4877 Edi·

1240 4888 1546 4942 rosamundam
1563 4890 1623 4939 locis
1647 4889 1742 4957 differt:
1766 4888 1797 4954 l)
1824 4885 1919 4938 Verbera
1943 4889 1978 4939 ad
2003 4900 2153 4954 promeren-

1241 4960 1301 5009 dum
1319 4959 1430 5021 gretiam
1448 4967 1475 5008 et
1492 4957 1666 5009 satisfactoria
1685 4971 1733 5024 pro
1753 4957 1877 5024 peccatis.
1914 4955 1957 5024 (p.
1976 4956 2037 5010 304.
2061 4955 2105 5007 lia.
2126 4954 2153 5010 3.

1243 5029 1299 5091 10.)
1315 5030 1343 5077 ia
1360 5029 1409 5080 Ed.
1427 5030 1453 5080 2.
1477 5029 1514 5078 sic
1535 5034 1629 5078 nuato
1650 5033 1720 5078 runt:
1744 5026 1779 5077 sd
1800 5024 2000 5093 promerendum
2021 5025 2152 5075 missio·

1240 5112 1302 5148 nem
1318 5099 1412 5163 canipae
1429 5103 1456 5147 et
1472 5110 1583 5162 poenae.
1600 5096 1632 5163 2)
1647 5095 1705 5147 Pro
1722 5093 1806 5148 ordis
1820 5095 1873 5149 ud.
1892 5097 1932 5151 l.=
1950 5095 1985 5145 sd
2002 5096 2157 5159 promeres-¹

1241 5166 1303 5217 dam
1326 5167 1448 5230 gratiam
1472 5174 1500 5217 ot
1523 5166 1691 5233 vehementer
1708 5166 1751 5234 (p.
1773 5166 1835 5220 304.
1854 5166 1898 5217 aa.
1922 5163 1981 5229 150
2002 5164 2031 5215 is
2052 5163 2103 5215 lid.
2126 5165 2155 5219 3.

1241 5234 1357 5302 ὥρων
1378 5232 1481 5298 docem
1507 5234 1542 5287 sd
1564 5234 1764 5302 promerendam
1787 5232 1999 5286 instillationem
2023 5239 2051 5287 tt
2075 5230 2156 5285 noha·

1239 5309 1341 5357 menter

1942 5393 1988 5441 xis
