4642 5594
721 264 762 335 11.
803 265 847 335 Β.
889 264 1136 335 confessio
1152 262 1433 334 AUGUSTANA
1451 264 1565 335 IPSA.
2100 265 2169 339 m

294 457 509 555 Ah‘baceatts
520 455 612 539 longa
625 453 758 518 Codicis
768 454 950 538 illaqueatae·
967 457 1175 539 descriptione
1193 477 1229 519 ac
1240 455 1369 520 historia
1379 457 1589 540 progredimur
1598 456 1639 521 ad
1650 464 1770 521 ceteros
1782 452 1920 521 (iudces
1932 458 2163 521 describendos.

911 714 940 775 2.
985 712 1100 777 Codex
1122 658 1338 779 Wimcricneir
1358 719 1394 782 2.

52 957 55 961 .
260 963 262 967 ,
294 894 354 961 llic
375 890 485 959 Codex
501 895 653 956 invenitur
671 895 701 956 iu
720 892 869 958 tabulario
893 896 1044 957 communi
1063 893 1272 968 Wimarienui,
1296 898 1327 958 ln
1338 894 1505 959 Volumina
1524 896 1659 977 signato:
1677 893 1755 979 1209.
1778 897 1818 959 Ε.
1837 897 1908 962 Foi.
1925 904 1978 966 41.
2001 906 2032 960 et
2053 897 2102 960 sic
2119 899 2165 960 in·

138 983 274 1065 'scriptor
294 985 492 1065 fflomotdnat
513 985 561 1047 bet
582 985 735 1061 buntiana
755 984 806 1047 rote
828 984 876 1059 titi
899 983 942 1046 hic
964 987 996 1060 oi
1011 985 1070 1048 beat
1092 983 1234 1062 holding
1258 1004 1290 1068 pr
1313 985 1459 1064 titubata
1479 986 1509 1047 ia
1526 989 1572 1046 ber
1595 983 1735 1062 artigua
1760 977 1851 1065 fode,
1864 997 2034 1069 gagatrogen.
2077 984 2162 1051 hono

141 1071 260 1153 hiemini
281 1072 346 1135 1.5.
371 1074 401 1134 3.
420 1072 464 1143 0.,
484 1069 593 1149 inquo
616 1074 718 1131 exstat
735 1069 812 1129 inter
829 1067 1032 1149 appendices,
1051 1088 1130 1150 qnae
1147 1066 1311 1131 Pontani
1330 1067 1511 1133 cancellarii
1529 1066 1651 1134 Codici:
1677 1072 1824 1149 &cinthia
1848 1077 1895 1137 bet
1925 1071 2105 1149 &ethelnoth
2130 1091 2162 1154 gu

142 1159 309 1236 beatiora,
332 1156 493 1218 adiunctae
510 1160 592 1227 suut,
610 1159 643 1216 et
660 1154 831 1217 accuratius
848 1163 1047 1217 recensentur
1064 1173 1082 1216 a
1099 1153 1399 1219 Fceretemauuo
1429 1157 1458 1218 in
1480 1155 1503 1217 i.
1522 1158 1621 1231 britto
1641 1161 1688 1235 titt
1709 1161 1751 1222 on
1769 1160 1917 1237 hirirhtrhte
1945 1161 1992 1222 bct
2009 1161 2162 1233 thdrtttiren

142 1244 338 1322 hieformotion
356 1246 385 1306 io
408 1244 495 1321 threno
513 1245 673 1321 attenuatio
693 1245 837 1322 Uarianae.
855 1237 941 1302 Tora.
960 1237 983 1301 l.
1002 1239 1095 1303 Fasc.
1116 1246 1145 1304 1.
1164 1261 1196 1324 p.
1228 1239 1511 1306 XXil-XXXll,
1555 1239 1636 1307 luter
1659 1243 1716 1306 bae
1741 1245 1821 1306 enim
1843 1245 1978 1316 decima,
2004 1263 2083 1325 qnae
2106 1236 2159 1305 iol.

143 1333 207 1393 384
218 1365 260 1377 -
273 1332 352 1392 426·
372 1329 464 1391 huius
482 1327 660 1391 Voluminis
683 1334 786 1391 exstat
806 1333 847 1390 44
866 1326 939 1390 lolia
957 1326 1176 1408 complectens,
1195 1329 1341 1411 inscripta
1358 1335 1423 1393 cst:

349 1433 527 1534 aerternae
550 1471 625 1532 onon
648 1468 761 1532 ilatidei
778 1467 825 1530 bet
844 1469 1000 1533 hinnient.

141 1623 235 1687 supra
252 1624 343 1685 quam
362 1605 589 1685 inscriptionem
611 1605 649 1668 ab
667 1602 727 1666 ulia
743 1623 834 1667 mann
851 1604 992 1667 einedem
1014 1605 1160 1688 temporis
1188 1605 1303 1685 scripta
1324 1610 1375 1667 est
1392 1602 1523 1669 haecoee

350 1743 507 1822 Gontoiitoa
525 1745 575 1807 uie
593 1746 635 1809 oo
652 1747 710 1820 toa.
729 1745 803 1808 diat.
822 1762 855 1826 ga
876 1744 1026 1824 incincta
1043 1747 1191 1825 hieratica
1209 1743 1241 1822 th
1258 1743 1379 1817 uerita,

143 1880 255 1961 quibus
272 1898 292 1941 a
308 1880 398 1943 tertia
418 1898 509 1942 mauu
528 1880 669 1942 eiusdem
687 1878 805 1942 saeculi
822 1877 885 1945 XV
886 1877 910 1941 l.
928 1881 1031 1943 serius
1052 1880 1156 1943 addita
1173 1886 1246 1943 sunt
1263 1878 1341 1941 hacc
1363 1881 1470 1941 verber

144 2055 153 2065 ·
286 2034 289 2041 ’
348 2021 429 2096 bardo
447 2020 498 2083 beu
518 2017 617 2098 thoti.
636 2038 668 2102 ga
687 2018 818 2096 &rafica
837 2022 891 2084 aab
910 2025 994 2084 anter
1010 2020 1143 2105 hutten,
1160 2021 1275 2083 hanaen
1295 2018 1349 2081 aab
1368 2017 1463 2082 &tetta
1485 2019 1641 2096 oboriretur.

295 2152 356 2217 llic
367 2151 486 2229 codex,
499 2156 550 2237 qui
562 2161 613 2216 est
621 2154 827 2237 apographum
840 2154 947 2218 axelio
960 2154 1134 2239 apographo
1145 2156 1383 2239 uanescriptum,
1393 2161 1600 2217 recensetura
1616 2153 1782 2215 Webero
1804 2151 1825 2214 l.
1838 2151 1858 2214 i.
1869 2150 1891 2219 l
1903 2173 1933 2235 p.
1955 2157 2017 2216 174
2029 2158 2074 2200 -'
2087 2155 2157 2216 176.

142 2246 176 2303 et
192 2259 212 2302 a
227 2239 532 2305 Foerstemanno
551 2247 670 2322 praeter
687 2240 796 2303 librum
813 2243 904 2305 modo
922 2241 1078 2305 laudatum
1096 2263 1125 2325 p.
1143 2240 1237 2307 XXV
1239 2238 1294 2321 ll.,
1317 2242 1409 2305 etiam
1427 2242 1456 2302 in
1478 2238 1502 2305 1.
1521 2243 1732 2313 littuabeoburh
1758 2247 1817 2302 etc.
1841 2236 1865 2299 l.
1890 2259 1919 2321 p.
1949 2242 2039 2312 374„
2063 2245 2095 2302 et
2117 2240 2157 2302 ab

142 2333 272 2409 utroque
290 2347 358 2388 cunr
376 2326 446 2389 aliie
465 2321 634 2390 Codicibus
653 2326 785 2390 collatus
808 2335 867 2394 eet
913 2325 991 2391 Cum
1010 2325 1129 2392 Codice
1150 2329 1329 2411 liloguutino
1352 2347 1446 2409 eupra
1463 2329 1616 2389 recensito
1633 2328 1764 2387 maxima
1783 2345 1822 2387 ex
1843 2333 1927 2407 parte
1946 2327 2094 2407 congruit,
2121 2347 2160 2389 eo

144 2433 278 2496 quoque,
297 2414 379 2496 quod
398 2415 519 2477 nomina
539 2412 714 2497 Principum
733 2411 958 2497 Civitatumque
976 2418 1152 2499 subscripta
1168 2419 1198 2479 iu
1216 2423 1345 2496 utroque
1362 2414 1492 2487 desunt3
1510 2413 1610 2475 ditlert
1627 2420 1730 2474 antem
1747 2413 1786 2475 ab
1805 2411 1857 2473 ilio
1870 2412 2020 2474 erroribus
2040 2411 2159 2484 calami,

141 2498 221 2563 locis
245 2501 384 2574 omissis,
415 2508 448 2563 et
462 2501 554 2563 variis
571 2500 802 2575 additamentis,
825 2521 905 2583 quae
930 2505 1019 2565 etiarn
1042 2505 1072 2564 in
1090 2503 1160 2566 aliie
1191 2499 1375 2574 Codicibus,
1398 2499 1594 2563 Editionibus
1618 2498 1840 2581 antiquioribus
1867 2506 1898 2561 et
1920 2501 2016 2580 prima
2043 2497 2160 2560 Melan·

141 2586 284 2650 thoniana
301 2588 499 2669 reperiuntur.
520 2623 561 2635 ·-
584 2586 712 2650 Articuli
732 2587 801 2650 idei
821 2592 954 2652 numeris
976 2589 1108 2653 arabicis
1126 2610 1146 2652 a
1161 2590 1270 2651 seriori
1288 2607 1378 2650 manu
1399 2587 1620 2670 superscriptis
1642 2586 1753 2669 signati
1772 2592 1854 2649 suut.

297 2672 330 2736 ln
349 2694 417 2736 mea
434 2671 576 2736 Editione
595 2673 676 2736 hunc
693 2671 841 2738 codicem
863 2676 1006 2758 signabo:
1031 2675 1121 2739 wrm.
1139 2681 1173 2744 2.

945 2938 973 2997 3.
1020 2933 1133 2997 codex
1149 2931 1351 2996 mecoenas.

295 3108 329 3174 lu
350 3110 440 3173 Actis
457 3113 534 3192 regii
551 3112 681 3193 primarii
699 3112 837 3176 tabularii
859 3111 1067 3184 Drasdensis,
1086 3133 1165 3194 quae
1183 3111 1329 3193 inscripta
1345 3117 1433 3173 sunta

356 3251 461 3330 itania
480 3249 647 3330 panteiano
665 3248 672 3334 1
692 3251 778 3317 nono
801 3267 818 3328 u
839 3256 890 3316 30.
911 3250 916 3335 Ι
935 3249 1051 3315 XLIV.
1072 3251 1077 3335 Ι
1095 3248 1144 3312 Νο
1170 3256 1196 3313 1.
1219 3248 1258 3312 Β.

141 3389 277 3472 proxime
295 3393 366 3468 poet
394 3384 592 3467 Spoletini
624 3387 831 3470 apographum
859 3388 972 3451 latinae
1002 3386 1218 3452 confessionis
1246 3407 1339 3470 supra
1366 3407 1397 3470 p.
1424 3386 1483 3448 261
1515 3383 1799 3465 eqo-descriptum
1827 3379 1989 3447 exhibetur
2017 3384 2047 3445 in
2076 3382 2160 3447 loliis

144 3479 186 3540 90
198 3509 240 3522 -
255 3478 326 3536 143.
344 3472 550 3554 apographum
568 3475 757 3554 germanicae
775 3473 1005 3548 consessionis,
1028 3477 1112 3557 quod
1133 3484 1310 3547 autemnon
1329 3495 1349 3536 a
1366 3469 1563 3554 Spoletini
1579 3489 1686 3544 manu,
1709 3470 1768 3532 ead
1789 3468 1828 3532 ab
1845 3469 1995 3557 alia-circa
2012 3489 2039 3532 a
2055 3475 2158 3544 1550,

146 3569 180 3624 ut
198 3560 328 3633 videtur,
346 3561 376 3620 iu
395 3560 500 3622 clrartu
517 3561 656 3636 robusta,
674 3562 703 3621 iu
722 3581 783 3642 qua
808 3563 929 3644 signum
951 3566 1105 3644 aquarium
1123 3568 1149 3650 v
1178 3561 1371 3643 conspicitur,
1384 3561 1418 3639 ⁴)
1442 3564 1594 3620 exaratum
1619 3564 1677 3618 est.
1720 3556 1789 3618 Hoc
1812 3556 2018 3637 apographum
2045 3557 2160 3618 ianuae

147 3647 296 3710 maximae
315 3647 436 3707 omnino
454 3648 492 3708 ab
510 3668 571 3709 una
587 3649 757 3728 eademque
774 3669 865 3711 manu
881 3650 1027 3731 scripturn
1045 3656 1110 3723 eet;
1129 3650 1220 3711 etiam
1238 3648 1467 3710 emendationes
1485 3651 1518 3707 ct
1539 3643 1753 3714 additamenta,
1777 3661 1856 3722 quae
1878 3645 1907 3705 iu
1931 3663 1970 3703 eo
1988 3650 2158 3716 occurrunt,

147 3733 186 3794 ah
203 3731 311 3795 eadem
328 3753 420 3793 maun
438 3742 559 3795 exarata
576 3740 658 3796 sunt
702 3734 757 3796 Sin
801 3734 851 3799 lae
867 3737 998 3819 paginae
1022 3736 1175 3797 continent
1192 3733 1256 3796 lere
1275 3737 1316 3795 20
1333 3733 1432 3796 linens
1451 3751 1481 3792 s.
1502 3749 1631 3802 versus3
1653 3747 1757 3809 margo
1775 3728 1882 3802 albae,
1901 3748 1961 3809 quo
1982 3727 2041 3789 hae
2058 3727 2160 3791 lineae

145 3819 305 3880 continuae
330 3821 538 3889 temrinantur,
558 3818 587 3878 in
610 3753 871 3903 superiorgrte
890 3821 1148 3905 sesquidigitaiia,
1167 3840 1186 3883 a
1207 3819 1302 3883 latere
1327 3823 1431 3882 1-3
1450 3815 1581 3898 digitos,
1608 3822 1641 3877 et
1665 3815 1694 3878 in
1720 3815 1863 3878 inferiore
1884 3821 1970 3898 parte
1995 3817 2012 3876 2
2042 3815 2157 3896 digitos

146 3903 228 3968 latua
251 3913 313 3968 est.
342 3903 484 3969 hohan·
505 3903 620 3988 legitur·
639 3904 726 3969 hicce
748 3907 871 3972 tinniunt

836 4429 1014 4491 tietmotuat
1037 4427 1111 4490 uano
1128 4424 1243 4490 tlrtidei
1260 4427 1309 4490 net
1331 4426 1464 4503 grooten

979 4587 1091 4649 blense
1108 4555 1210 4649 lunio}
1231 4591 1321 4651 1530.

1085 4751 1217 4837 honglon.

139 4940 254 5007 llaranr
276 4948 294 5007 5
312 4942 458 5007 linearum
476 4947 566 5010 tertia
587 4952 620 5010 et
637 4953 743 5026 quarta
763 4946 802 5009 ab
819 4942 927 5007 ecdem
949 4961 1055 5016 manu,
1074 4961 1152 5024 quae
1165 4939 1376 5023 apographum
1393 4941 1537 5012 uenerit,
1560 4898 1699 5004 secunda
1721 4945 1753 5003 et
1783 4939 1889 5022 quintu
1914 4939 1953 5003 ab
1982 4938 2043 5033 alia
2066 4955 2156 5000 manu

246 5235 276 5305 ⁸)
295 5237 389 5314 Charta
403 5238 526 5307 mamis,
543 5239 571 5295 br
588 5237 847 5305 consociatione
865 5236 972 5293 latium
990 5235 1187 5292 camoenam
1205 5232 1484 5301 maenomenon
1503 5233 1608 5300 annana
1626 5234 1707 5289 earet
1936 5307 1948 5313 ᾖ

279 5383 282 5386 >
343 5354 493 5404 muna.
506 5354 590 5402 om
604 5355 669 5402 ron.
682 5354 764 5399 xxva
1724 5407 1725 5412 ἵ
1915 5333 1950 5386 aa
