4642 5594
170 234 236 301 ‘lib
587 230 593 237 ’
755 238 793 308 ll,
835 238 877 306 B.
921 238 1170 343 consessio
1192 238 1471 309 AUGUSTANA
1492 239 1606 308 less,
2122 246 2189 315 m

56 438 59 442 ⁴
169 423 192 489 l.
214 425 235 491 l.
254 422 278 488 l.
301 432 478 510 ppiil-il.
497 436 529 492 et
550 429 888 493 al’oerstemanne
910 431 930 493 l.
953 428 975 494 1.
993 426 1017 492 l.
1041 451 1068 512 p.
1081 435 1206 512 tilsq.
1229 432 1404 514 descriptus
1423 437 1455 494 et
1475 432 1514 494 ab
1531 440 1659 515 utroque
1681 453 1751 494 cum
1771 430 1831 495 Ed.
1847 439 1874 495 1.
1896 431 2106 495 Melanthonis
2125 432 2185 495 col·

169 513 253 577 latus
283 522 350 587 est,
385 516 424 577 28
454 516 528 578 lolia
555 517 668 579 termae
697 519 844 579 maximae
870 518 1079 599 complectitur
1106 520 1221 580 intres
1249 518 1416 581 fesciculos
1440 519 1557 592 divisa,
1591 539 1718 601 qnorum
1740 520 1857 601 primus
1879 527 1911 581 et
1933 520 2041 581 tertius
2063 522 2102 582 ab
2124 539 2187 582 uua

172 601 342 684 eademqne
364 622 472 676 manu,
495 604 653 665 secundus
674 625 747 665 vero
769 603 808 665 ab
826 603 887 666 alia
907 606 1013 686 scripti
1035 613 1116 670 sunt
1159 604 1247 666 Hanc
1265 606 1358 668 habet
1380 607 1619 688 inscriptionem:

379 739 544 818 Confessio
568 740 701 803 Caesari
721 741 862 803 exhibita
878 744 912 803 in
932 745 936 822 Ι
958 740 1102 804 Comitiis
1122 740 1386 824 Aepustmrsihusr
1405 743 1410 827 Ι
1433 763 1482 824 ps.
1504 741 1662 805 CXVIII:
1681 748 1686 828 Ι
1705 740 1750 805 Et
1766 741 1916 826 iepacdar
1936 742 1978 804 de
1999 745 2185 807 testimoniis

419 830 483 888 teris
498 829 533 888 ia
552 829 556 912 Ι
578 827 755 909 Conspecta
770 848 877 910 repam
893 837 924 891 et
944 849 1007 890 aorr
1025 830 1193 907 confuude-
1212 831 1218 916 Ι
1235 830 1300 892 ber.
1321 833 1325 910 Ι
1344 829 1389 896 Μ.
1400 829 1444 893 Β.
1455 829 1556 893 XXX.

170 963 220 1027 lix
240 963 405 1026 litterarum
424 965 518 1028 ductu
536 965 723 1047 intelligitur,
746 965 828 1028 hunc
850 963 997 1029 Godicem
1019 968 1140 1045 demum
1163 974 1299 1048 tempore
1317 962 1496 1030 Conventus
1513 967 1712 1048 Numburgici
1735 973 1888 1029 exaratum
1911 986 1994 1028 esse.
2029 964 2108 1028 (lum
2118 966 2185 1041 hie·

171 1051 327 1115 lmthonis
349 1049 407 1113 Ed.
435 1057 462 1115 1.
498 1053 618 1114 omnino
641 1054 795 1115 consentit
815 1055 954 1134 exceptis
976 1053 1169 1116 articulorum
1187 1054 1259 1116 tidei
1280 1050 1360 1115 Xlll.
1384 1061 1416 1116 et
1442 1052 1558 1118 XVlll.
1581 1053 1803 1125 antithesibus,
1837 1073 1917 1135 quae
1946 1055 2036 1115 etiam
2064 1055 2094 1115 iu
2124 1053 2185 1116 hoc

174 1134 485 1200 Coddesideraotur.
512 1139 704 1201 Weberus
726 1146 822 1221 putat,
847 1161 917 1201 eum
939 1160 1013 1202 esse
1036 1139 1244 1222 apographum
1266 1146 1318 1201 aut
1330 1136 1470 1212 Codicis,
1493 1161 1585 1222 quem
1607 1136 1799 1202 lohannes
1820 1137 2070 1204 ElectorSaxon.
2092 1138 2182 1206 aGo·

169 1225 265 1286 mitiis
282 1223 473 1306 Augustanis
494 1245 602 1286 secum
623 1227 771 1307 portavit,
805 1231 858 1288 ant
880 1225 1011 1308 exempli
1033 1225 1200 1308 deperditi,
1226 1225 1310 1306 quod
1327 1225 1565 1307 Spoletinus
1587 1246 1678 1288 mauu
1700 1246 1760 1288 sua
1781 1227 1915 1307 scripsit.
1960 1224 2027 1287 lloc
2054 1224 2182 1290 alterum
2251 1286 2255 1293 .

170 1311 336 1372 confirmari
347 1309 466 1374 videtur
477 1310 596 1373 duabus
609 1312 854 1375 annotationibus
869 1311 963 1375 Max.
986 1311 1151 1374 illocrlin
1162 1315 1188 1384 i,
1211 1313 1263 1393 qui
1285 1314 1314 1373 in
1338 1333 1397 1375 suo
1409 1312 1550 1394 exemplo
1560 1311 1715 1376 Editionis
1730 1319 1757 1375 1.
1769 1311 1918 1376 Melanth·
1931 1315 1964 1392 *Ι
1976 1315 2020 1392 (in
2032 1311 2180 1376 Biblioth.

170 1395 271 1460 ducali
294 1394 434 1461 Gothana
460 1403 635 1475 asservato)
664 1399 703 1460 ad
731 1398 824 1459 verba
852 1398 970 1461 articuli
991 1399 1062 1462 XX.
1086 1408 1140 1472 „et
1162 1400 1299 1461 dicunt
1320 1419 1378 1460 nos
1402 1400 1462 1461 lide
1484 1407 1516 1462 et
1537 1400 1682 1481 operibus
1705 1399 1884 1461 iustificari‘·
1914 1401 1944 1459 in
1974 1400 2108 1480 margine
2129 1399 2182 1461 ad·

168 1484 306 1565 scripsit:
329 1482 522 1566 „Spalatiz
545 1504 654 1547 manus
677 1491 708 1547 et
729 1486 856 1563 primum
879 1484 1033 1567 exemplar
1043 1488 1095 1563 ”)
1122 1484 1236 1547 habent
1258 1486 1417 1547 docent‘
1441 1493 1524 1568 (pror
1551 1487 1668 1565 dicunt)
1697 1492 1729 1547 et
1754 1487 1784 1547 in
1812 1484 1942 1548 articulo
1971 1485 2010 1546 de
2040 1486 2180 1567 coniugio

169 1569 368 1632 Sacerdotem
391 1570 430 1631 ad
453 1572 562 1632 verba:
586 1590 699 1651 „quarn
720 1579 759 1632 vt
781 1573 811 1632 iu
833 1574 934 1652 iguem
958 1570 1079 1634 deliciis
1102 1574 1172 1634 suis
1196 1573 1327 1634 cadant‘
1349 1571 1520 1635 adnotavitr
1543 1571 1656 1655 Spalr
1679 1575 1710 1634 in
1731 1592 1822 1634 mauu
1844 1574 1957 1654 scripto
1979 1577 2018 1633 rt
2038 1572 2181 1647 omittit“

168 1653 306 1737 Utraque
329 1658 409 1718 enim
431 1655 524 1718 lectio
546 1656 704 1739 Spoletina
725 1658 755 1718 iu
778 1657 838 1719 hoc
860 1656 978 1720 (lodice
999 1659 1126 1720 Wimar.
1147 1661 1303 1740 reperitur.
1348 1657 1524 1740 signabitur
1541 1657 1635 1741 sigla:
1664 1657 1754 1721 Wiaa

323 1742 382 1804 llis
404 1740 572 1805 (lodicibus
593 1745 756 1806 recensitis
777 1751 968 1807 bauseamus
994 1744 1035 1806 ad
1056 1743 1268 1806 liditiones
1291 1742 1403 1806 latinae
1426 1743 1661 1816 consessionis,
1695 1765 1819 1827 quarum
1847 1751 1912 1806 tres
1939 1742 2056 1806 classes
2076 1744 2181 1806 distin·

168 1827 309 1910 guendse
330 1836 418 1892 sunt:
452 1835 478 1892 1.
500 1827 663 1892 Editiooes
681 1831 853 1908 formarrrm
877 1831 1129 1892 iaternrediarara
1150 1829 1241 1894 huius
1264 1827 1498 1910 consessionis3
1530 1834 1559 1896 2.
1582 1831 1745 1894 Editiones
1762 1833 1886 1911 semeae
1907 1833 2060 1912 integrae,
2079 1830 2181 1912 qualis

112 1913 124 1923 “
166 1916 197 1977 in
219 1910 361 1978 Comitiis
384 1914 539 1998 praelecta
560 1923 592 1978 ct
613 1915 789 1998 huperatori
808 1915 944 1979 exhibita
965 1923 1029 1995 cst3
1054 1921 1084 1980 3.
1106 1915 1269 1979 Editiones
1286 1917 1410 1995 ferreae
1427 1937 1469 1979 ex
1489 1917 1551 1980 Irae
1571 1920 1698 1999 integra
1714 1921 1882 1992 eamme,

453 2215 478 2284 1.
532 2211 757 2284 Editiones
784 2214 1004 2285 formarum
1031 2214 1388 2286 intermediarum
1417 2213 1709 2284 Confessionis
1736 2213 1903 2284 latinae.

323 2394 528 2480 cumplures
550 2405 673 2460 exstent
695 2396 840 2469 Codices,
859 2400 911 2480 qui
924 2400 1047 2478 formas
1066 2399 1267 2462 intermedias
1285 2400 1377 2462 huius
1389 2397 1606 2462 confessionis
1629 2397 1784 2474 exhibent,
1805 2404 1839 2460 ut
1860 2417 1954 2479 supra
1976 2396 2182 2472 ostendimus,
2229 2428 2233 2434 ·

167 2504 227 2568 non
248 2483 414 2546 mirandum
436 2492 503 2560 est,
531 2486 622 2547 etiam
645 2480 813 2546 Editieaes
835 2485 956 2547 exiliis
978 2485 1148 2548 Codicibus
1170 2485 1266 2549 iactas
1290 2493 1421 2558 exstare,
1444 2507 1524 2568 quae
1546 2485 1626 2549 tales
1644 2485 1758 2547 formas
1779 2484 1975 2547 intermedias
1998 2484 2181 2550 contineant.

167 2568 328 2633 Eiusmodi
350 2569 514 2634 Editioncs
536 2571 746 2634 recensendae
768 2578 841 2634 sunt
862 2571 975 2634 haece:

994 2845 1023 2914 1.
1038 2846 1151 2912 Editio
1160 2845 1358 2913 Fabricii

321 3013 408 3077 llaec
424 3014 538 3088 Editio,
563 3035 654 3098 quarn
672 3016 851 3079 Andreas
873 3016 1081 3082 Fabricius
1103 3016 1297 3091 hcodius,
1320 3016 1495 3099 Principum
1512 3014 1632 3078 Alberti
1654 3021 1686 3078 et
1698 3014 1824 3078 Ernesti
1847 3016 1914 3078 cias
1937 3013 2002 3088 tilii,
2025 3011 2182 3079 Comitum

167 3098 372 3252 gfflffim
394 3100 509 3175 Rheni,
531 3102 735 3175 consiliarius,
755 3123 794 3166 ex
811 3111 1001 3188 prototypo,
1019 3111 1053 3166 ut
1073 3106 1143 3211 ipse
1155 3103 1320 3177 contendit,
1339 3104 1423 3185 typis
1447 3101 1681 3164 describendam
1703 3102 1828 3174 curavit,
1851 3102 2020 3164 continetur
2038 3102 2068 3163 in
2085 3100 2183 3165 hocce

375 3325 552 3388 IIarraorria
571 3323 575 3410 Ι
603 3322 803 3404 Confessio!
822 3327 872 3387 nis
892 3312 1106 3407 demeare,
1125 3329 1130 3402 Ι
1150 3326 1316 3390 doctrinae
1336 3323 1534 3408 searrpelicae
1552 3324 1558 3405 1
1578 3344 1753 3387 comensem
1769 3323 1947 3387 declam.
1968 3323 1973 3414 Ι
1991 3277 2199 3389 Adimam.

419 3418 467 3473 est
489 3410 600 3475 Caroli
618 3409 729 3481 Quinti
752 3410 900 3475 Caesaris
917 3431 1036 3494 seraper
1052 3410 1197 3494 depasti,
1212 3434 1269 3495 po·
1289 3415 1294 3497 Ι
1313 3415 1611 3494 tentissimorampae
1631 3410 1764 3496 ImpcrrJ
1787 3411 1964 3475 Christiani
1985 3411 2181 3495 Priacipraa,

420 3518 460 3559 ac
478 3501 483 3580 Ι
503 3498 752 3559 doctissimorum
774 3501 883 3583 ,nostri
903 3499 1022 3561 saccali
1046 3498 1200 3562 Irorrrirmm
1228 3499 1270 3561 de
1297 3521 1346 3561 ea·
1365 3503 1371 3585 Ι
1390 3500 1460 3562 dem
1484 3497 1688 3577 Confessioae
1708 3497 1869 3563 iudicium.
1889 3503 1894 3582 Ι
1915 3498 2027 3560 onmia
2043 3503 2078 3561 ia
2095 3518 2182 3561 esem
2296 3541 2302 3547 -

419 3583 513 3645 aelati
529 3586 649 3662 fascem
666 3605 746 3646 cem·
765 3588 770 3657 Ι
787 3592 922 3664 portata
943 3586 1098 3648 studiosi
1115 3606 1223 3667 opera,
1242 3588 1248 3670 Ι
1267 3586 1414 3648 Arsdreac
1437 3584 1579 3647 Fabricii
1600 3585 1729 3662 Leodii,
1752 3583 2036 3647 illustrissimorum
2057 3585 2183 3647 Princi-

415 3690 491 3752 pem
509 3671 516 3752 Ι
540 3668 662 3732 ,lane
691 3679 722 3733 et
744 3668 873 3733 Ernesti
896 3675 963 3733 eires
980 3672 1060 3753 filij,
1084 3676 1227 3734 comtum
1244 3671 1410 3734 Palatino·
1428 3672 1434 3758 Ι
1453 3692 1519 3733 ram
1540 3669 1654 3749 Rlcrri,
1674 3691 1712 3731 ae
1729 3674 1886 3754 etriarpue
1903 3670 2066 3734 Baaariae
2087 3670 2152 3732 Da·
2174 3669 2181 3758 Ι

420 3776 489 3819 cara
507 3755 705 3847 Consiliarij.
724 3759 731 3840 Ι
750 3756 959 3840 (Pypographi
983 3760 1118 3839 insigne,
1142 3761 1171 3820 in
1195 3779 1256 3839 quo
1278 3758 1419 3840 leguntur
1441 3759 1518 3820 haec
1540 3757 1656 3822 rerbaa
1669 3755 1786 3832 Psalm.
1810 3762 1863 3823 46.
1884 3763 1890 3837 Ι
1908 3757 2087 3819 Benedices
2104 3760 2111 3843 Ι
2130 3776 2183 3820 co·

419 3863 516 3905 roaae
533 3843 1027 3926 ariilbmriprrita11tisteae.)t
1058 3843 1211 3907 Coloniae
1229 3851 1233 3923 Ι
1254 3845 1339 3927 epod
1362 3845 1534 3907 Materrrora
1556 3841 1750 3924 Chalinum!
1775 3843 1818 3905 M.
1842 3842 1886 3904 1).
1908 3842 2061 3908 LXXIII.
2081 3844 2087 3927 Ι
2107 3842 2183 3906 &aar

386 3962 389 3968 ·
419 3932 529 4011 pratia
551 3930 581 4008 d·
604 3928 783 4078 Priailepp'p
814 3930 989 3993 Caesareae
1011 3931 1137 3992 Maiest.
1167 3934 1201 3992 ia
1223 3931 1422 3994 Decerrrirerr·
1470 3928 1573 3992 bioll.
1598 3951 1657 3991 non
1681 3950 1759 3992 num.
1782 3928 1839 3995 litt
1861 3950 1881 3992 a
1902 3932 2041 4011 signata,
2065 3938 2097 3993 et
2120 3934 2183 3993 574

337 4068 342 4077 ,
418 4035 509 4097 pagg.
533 4036 622 4087 num,
645 4015 711 4079 Fol.
736 4023 749 4097 (
777 4016 816 4080 ol.
829 4020 895 4078 ai·
916 4052 959 4065 -·
973 4022 1007 4080 6·
1026 4016 1156 4080 Fabricii
1180 4017 1313 4099 epistola
1337 4018 1521 4080 dedicatoria
1542 4016 1581 4077 od
1603 4015 1763 4079 Albertum
1785 4015 1988 4080 etEmestum
2006 4016 2182 4098 Principes3

313 4102 316 4109 '
419 4101 473 4164 iol.
486 4104 551 4164 atii
573 4100 624 4163 Ad
646 4101 843 4165 christianum
865 4104 1011 4166 lectorem
1033 4104 1248 4186 praemonitio;
1277 4123 1346 4186 pag.
1372 4108 1485 4167 1-10.
1508 4099 1746 4166 Protestantium
1769 4102 1916 4185 praelatio
1945 4104 1985 4165 ed
2015 4101 2182 4165 Caesarem

420 4187 563 4250 tlarolnm
584 4187 624 4250 V.
648 4209 686 4249 ex
707 4197 869 4271 prototypo
892 4197 1036 4254 extracta.
1055 4227 1097 4240 -
1115 4188 1268 4253 Praelatio
1286 4191 1393 4252 eadem
1411 4191 1451 4251 ad
1473 4185 1639 4251 Gaesarem
1661 4187 1804 4251 Carolurn
1823 4187 1875 4262 V„
1898 4190 1928 4250 in
1952 4190 2093 4251 omnibus
2104 4185 2183 4250 Wit-

418 4274 674 4355 tenbergensibus
698 4275 922 4357 exemplaribus
940 4278 1062 4349 rariata
1087 4314 1128 4325 —
1152 4274 1255 4342 Caroli
1275 4272 1421 4338 Caesaris
1443 4283 1474 4339 et
1499 4271 1725 4338 verbenarum
1748 4273 1921 4358 Principum
1948 4276 1988 4337 ad
2009 4273 2142 4338 oblatam
2164 4293 2184 4335 a

420 4357 666 4423 Protestantibus
681 4358 919 4424 Gooiessionem
936 4364 1107 4444 responsio.
1122 4400 1168 4428 ,-
1190 4359 1233 4426 lo.
1256 4359 1405 4425 Cochlaei
1423 4363 1623 4441 Augrrstanae
1645 4359 1862 4424 Confessionis
1885 4361 2052 4426 discussio.
2073 4397 2112 4409 -
2130 4359 2184 4422 Al·

418 4445 531 4528 phonsi
557 4446 693 4509 Virvesii
724 4445 924 4513 Canarieusis
945 4447 1096 4533 Episcopi
1122 4447 1296 4532 Philippica
1316 4450 1430 4531 prima,
1458 4448 1508 4510 De
1537 4448 1722 4531 Dogmatum
1749 4447 1940 4510 multitudine
1965 4453 1997 4510 et
2018 4448 2183 4520 varietate3

419 4553 449 4614 p.
467 4539 505 4595 10
527 4540 656 4596 exin-
670 4538 742 4596 574.
766 4531 984 4596 confessionis
1005 4536 1204 4619 Augustanos
1227 4556 1264 4597 ex
1286 4533 1454 4618 Prototypo
1472 4536 1655 4618 desumptae
1666 4534 1805 4604 Articuli,
1828 4553 1955 4615 quorum
1978 4533 2111 4616 singulis
2132 4532 2183 4595 sd·

420 4621 553 4700 scriptae
575 4627 648 4682 sunt
670 4616 772 4682 Caroli
796 4617 941 4683 Caesaris
964 4629 996 4683 et
1019 4619 1245 4686 Catholicomm
1268 4620 1441 4703 Principum
1464 4621 1503 4684 ad
1526 4642 1583 4684 eos
1610 4623 1848 4703 responsiones,
1881 4619 2025 4683 Andreae
2051 4619 2184 4684 Fabricii

305 4727 317 4745 ²
417 4702 526 4767 Leodii
545 4707 834 4790 animadversiones,
853 4704 975 4770 loannis
992 4708 1187 4771 alleventria
1207 4708 1418 4782 refutationes,
1441 4708 1593 4791 Alphonst
1604 4709 1738 4770 Virvesii
1759 4705 1961 4789 Philippicae,
1978 4702 2022 4769 lo.
2036 4705 2184 4770 cochlaei

278 4994 582 5066 ¹)1oboceremplum
600 4998 776 5054 libertinus
793 5002 930 5064 praetcrea
948 5000 1125 5066 transscripsit
1142 5001 1333 5069 amentiores,
1354 5013 1418 5067 auae
1436 5000 1598 5056 lutherus
1622 5001 1649 5053 lo
1670 4998 1791 5065 exemplo
1808 4998 1858 5063 ipsi
1881 4996 2117 5052 auelsntbone
2136 4996 2184 5053 do·

323 5070 393 5133 nate,
410 5068 478 5134 qnod
495 5080 566 5123 nanc
582 5069 610 5122 lo
626 5068 744 5122 biblioth.
762 5070 835 5133 reate
851 5069 993 5124 messena
1009 5075 1168 5135 commater,
1187 5070 1233 5136 (ex
1250 5082 1300 5136 qna
1318 5081 1387 5124 aune
1404 5071 1431 5123 ln
1448 5071 1568 5125 manibus
1584 5069 1683 5134 mbeo)
1701 5068 1842 5134 traiectae
1860 5066 2043 5132 edeciment.

260 5149 306 5220 ··)
323 5154 468 5219 Exemplar,
485 5153 553 5220 quod
571 5153 595 5207 b.
614 5154 1012 5220 antwerpiensem
1033 5160 1075 5210 est
1090 5157 1171 5210 mtto
1189 5157 1293 5221 andans
1311 5157 1369 5222 illa,
1391 5167 1458 5221 aare
1476 5168 1501 5217 a.
1522 5157 1597 5210 tito.
1613 5155 1721 5220 produt,
1743 5156 1922 5221 omnesquae
1939 5164 2023 5218 aeque
2045 5163 2078 5207 ee
2093 5151 2136 5208 Ed
2158 5154 2182 5209 1.

322 5223 381 5279 ser.
396 5224 487 5279 babet:
504 5222 614 5290 mma,
631 5222 679 5278 sed
695 5223 777 5279 Editio
794 5223 880 5280 adnue
895 5225 992 5291 anate,
1011 5224 1045 5280 de
1062 5238 1113 5292 aua
1130 5225 1198 5281 intra
1215 5225 1321 5282 ibetar.
1389 5223 1393 5229 ’

235 5392 263 5405 ἢ
375 5339 523 5386 nusum
537 5342 620 5384 ossa
633 5342 698 5383 ron
707 5342 789 5385 xxva
1229 5360 1234 5367 -
1941 5323 1973 5376 lb
