4642 5594
165 203 233 335 UD
617 259 735 329 Pau.
755 257 861 326 Mhi..
882 257 1073 328 sctum
1093 257 1365 328 bochartus
1385 260 1443 328 ET
1464 261 1738 334 SYMBOLlCA.
2115 269 2183 339 880

168 476 272 607 :tit
294 472 436 618 filii?
452 459 756 626 tibitibi
780 448 983 622 'faifiiiii
1006 447 1147 602 itii
1195 447 2181 624 iiiiitttdtttstrittiitiittttht

166 629 229 705 uiri
252 625 427 714 diligenter
455 623 650 690 deliberant.
703 621 831 688 Omnes
860 621 926 710 pij,
951 621 1147 688 ardentissi·
1196 635 1317 701 torum,
1339 634 1374 688 et
1395 633 1501 710 agunt
1523 625 1651 708 gratias
1663 622 1800 690 Christo
1816 645 1879 711 pro
1891 636 1985 690 tanto
2007 624 2182 694 beneficio.

166 715 230 780 mis
263 716 352 779 votis
384 709 507 779 aDeo
565 720 656 774 etere
684 710 825 789 debent,
856 719 891 774 vt
918 707 973 772 his
995 708 1148 794 peccatis
1196 707 1246 774 lta
1269 708 1305 774 fit
1326 705 1505 795 applicatio
1530 708 1683 796 beneficij
1696 708 1832 791 Christi,
1855 731 1924 777 non
1946 723 2081 797 propter
2103 709 2182 779 alie

169 797 326 866 Ecclesia
337 796 507 865 liberetur.
539 733 653 884 Erges
676 816 794 862 omnes
816 807 849 862 et
867 795 1037 881 Episcopi,
1060 795 1150 860 omni
1196 816 1276 861 num
1298 815 1397 879 opus,
1418 796 1480 860 sed
1507 816 1569 881 pro
1595 797 1644 861 ria
1673 796 1837 864 cuiusce
1867 795 1951 876 fide,
1979 810 2014 863 et
2046 800 2181 884 proprio

168 887 280 952 studio
303 885 405 949 anniti
428 883 567 960 debent,
593 895 630 947 vt
650 882 716 948 hac
737 893 808 949 tota
830 901 936 949 causa
958 881 1022 947 rite
1044 878 1148 968 expli·
1198 902 1263 946 vsu
1294 882 1517 961 sacramenti,
1561 903 1634 962 ‚anr
1667 902 1742 947 cum
1771 818 1839 968 fpsi
1872 884 2009 964 vamur,
2042 896 2183 951 testatur

41 1071 43 1076 ³
168 981 479 1123 camsrepurgeqrr
502 966 669 1121 Ethllesis.
727 1066 730 1071 Ι
803 1053 828 1118 ti
961 1065 976 1118 t
1040 1072 1072 1118 m
1090 1050 1127 1117 m
1196 969 1272 1119 qaeu
1294 965 1420 1118 Clqpisti
1442 967 1730 1120 qqqiinatqqrqnod
1742 970 1796 1118 sad
1817 989 1882 1034 nos
1904 971 2068 1121 perttiineqt
2082 973 2182 1038 bene·

165 1077 401 1223 ahusuffifhnif
416 1069 569 1209 onqqutrqq
583 1073 802 1207 qlpquqqqqen
815 1073 1039 1226 mpqgeqqatqqr
1057 1073 1150 1206 utroq
1197 1074 1476 1207 efhfhncenhlhhlgin
1491 1074 1753 1227 hicclesfiss,v;hi
1776 1074 1976 1223 eiahfhsstfh
1996 1068 2182 1211 dhhhsrineash

143 1251 239 1298 ram
262 1242 296 1295 et
318 1239 523 1295 mortuorum
546 1228 766 1314 praecipitur,
784 1163 853 1292 fer
875 1227 1092 1313 praecipitur.
1114 1237 1151 1292 vt
1198 1227 1241 1292 de
1258 1225 1337 1306 fide,
1361 1239 1396 1292 et
1418 1228 1461 1292 de
1482 1226 1711 1311 spiritualibus
1733 1228 1928 1315 exercicijs,
1946 1241 1980 1294 et
2000 1231 2091 1297 veris
2113 1226 2182 1311 pul·

165 1327 339 1384 sumantur
361 1335 486 1401 corpus
504 1329 537 1380 et
559 1315 698 1401 sanguis
716 1311 861 1380 Domini.
906 1311 948 1378 Et
977 1323 1014 1379 vt
1035 1313 1070 1377 id
1092 1310 1151 1379 bot
1198 1313 1301 1390 tibus,
1322 1323 1357 1378 et
1376 1309 1486 1378 adfert
1517 1313 1583 1399 pijs
1613 1313 1830 1399 couscientijs
1858 1314 2028 1401 ingentem
2061 1336 2182 1382 conso-

166 1404 210 1472 ad
251 1401 518 1468 recordationem
561 1397 714 1486 beneficij
756 1397 893 1465 Christi.
948 1398 1149 1465 Recordetio
1197 1396 1368 1478 lationem,
1390 1410 1425 1464 et
1442 1399 1540 1486 erigit
1568 1397 1678 1464 fidem.
1722 1399 1810 1465 Ante
1838 1395 1925 1465 haec
1947 1412 2117 1486 tempora,
2139 1404 2182 1469 de

166 1499 276 1556 autern
299 1486 480 1593 significat,
501 1507 570 1553 non
592 1485 738 1574 aliquam
759 1497 887 1552 tentum
916 1483 1080 1552 historiae
1101 1492 1171 1551 re·
1199 1504 1265 1551 usu
1287 1488 1491 1551 sacramenti
1508 1484 1610 1573 longe
1632 1482 1728 1551 aliter
1757 1485 1966 1567 docebantur
1992 1485 2180 1555 Ecclesiae.
2233 1501 2262 1528 ⁸·

189 1586 449 1641 reserrtatronem
472 1571 564 1640 velut
583 1574 618 1638 in
636 1569 845 1657 spectaculo,
866 1571 955 1638 sicut
985 1572 1153 1637 somniant
1197 1568 1289 1637 Nihil
1308 1572 1573 1658 proponebatur,
1596 1572 1661 1637 uisi
1682 1569 1865 1657 quodiroc
1885 1594 1971 1659 opus
1994 1570 2182 1641 faciendum

61 1659 63 1664 ’
165 1597 234 1741 hit,
264 1661 319 1746 qui
352 1657 534 1727 defendunt
550 1661 700 1726 meritum
722 1678 765 1723 ex
787 1675 888 1743 opere
909 1668 1060 1743 operato,
1082 1657 1151 1722 Sed
1199 1669 1301 1725 esset.
1349 1657 1404 1724 De
1436 1656 1520 1738 ilde,
1550 1657 1593 1724 de
1623 1648 1855 1724 consolatione
1888 1659 2181 1743 conscientiarum,

26 1764 29 1770 ·
166 1746 334 1834 significat
356 1747 423 1812 b'da
441 1747 613 1814 recordari
631 1744 888 1832 promissionem
899 1754 934 1809 et
944 1743 1151 1826 beneficium,
1197 1763 1297 1810 nemo
1319 1744 1500 1850 quidquam
1521 1745 1690 1811 monebat.
1723 1743 1767 1808 Et
1788 1745 2181 1813 vexabanturconscieu·

166 1830 336 1901 consolari
358 1833 610 1912 conscientiam,
632 1844 664 1897 et
685 1831 810 1918 gratias
838 1849 942 1918 egere
963 1851 1025 1917 pro
1057 1841 1151 1895 tanto
1198 1831 1263 1896 tiae
1284 1830 1462 1897 immodica
1484 1829 1655 1918 diligentia
1666 1825 1904 1910 confessionis,
1915 1829 2011 1898 Hanc
2020 1834 2182 1918 patebant

165 1919 341 1987 beneficio.
387 1914 587 2005 Principalis
609 1918 696 1984 enim
720 1935 825 1983 causa
846 1916 1063 1982 institutionis
1086 1927 1151 1997 est,
1199 1917 1377 2003 puritatem
1388 1934 1476 1989 esse,
1489 1935 1588 2004 quem
1599 1916 1737 2022 requirit
1747 1913 2064 2003 Euangelium,curn
2073 1917 2183 1985 Euan·

167 2020 203 2072 vt
223 2004 310 2072 fides
332 2005 377 2072 ibi
405 2006 568 2072 excitetur
595 2015 629 2069 ct
662 2015 877 2083 exerceatur,
905 2022 981 2069 cum
1008 2002 1077 2068 hoc
1104 2002 1152 2089 pi·
1200 2000 1324 2089 pelium
1336 2003 1482 2089 requirat
1495 2023 1613 2070 rerum
1630 2013 1793 2079 timorem,
1804 2014 1838 2067 ct
1849 2023 1964 2071 veram
1975 2003 2140 2084 fiduciam,
2150 2015 2185 2071 et

165 2112 255 2181 gnus
278 2091 406 2179 gratiae
418 2094 613 2178 accipimus.
643 2089 801 2155 Preterea
821 2088 983 2156 institutio
1007 2089 1151 2167 ordinat,
1200 2086 1584 2156 vsnhuiussecramenti
1606 2109 1671 2153 nos
1688 2083 1987 2166 consolatur,vthi
2004 2090 2184 2177 quipoeni·

164 2190 202 2246 vt
223 2177 283 2244 fiat
304 2177 571 2258 communicatio,
593 2174 661 2242 hoc
683 2185 748 2256 est,
769 2187 805 2242 vt
815 2175 957 2241 ministri
974 2168 1152 2242 Ecclesiae
1199 2176 1336 2242 tentiam
1359 2185 1476 2262 agunt,
1498 2175 1639 2242 eredunt
1661 2186 1755 2242 certo
1773 2192 1813 2238 sc
1834 2172 1961 2242 habere
1978 2174 2089 2244 Deum
2105 2197 2183 2262 pro·

211 2266 340 2352 rrigant
363 2265 462 2329 etiam
483 2262 561 2351 alijs
584 2282 708 2348 corpus
729 2272 764 2329 et
786 2263 985 2349 sanguinem
1006 2259 1151 2329 Domini.
1199 2262 1321 2348 picium
1342 2273 1482 2347 propter
1513 2259 1701 2341 Christum,
1737 2261 1868 2327 etianmi
1895 2273 2016 2328 natura
2041 2262 2184 2344 infir-m,

165 2284 320 2418 Ehhunc
341 2371 467 2417 morem
489 2361 659 2417 seruatum
681 2367 760 2415 esse
788 2348 822 2412 in
851 2348 1015 2435 principio
1037 2345 1152 2412 Eccle
1200 2359 1234 2415 et
1254 2347 1421 2413 immunda
1443 2359 1508 2428 est,
1531 2347 1658 2413 etiamsi
1679 2347 1765 2413 haec
1787 2359 1905 2413 nostra
1926 2347 2083 2415 inchoata
2102 2350 2183 2416 oba-

164 2439 249 2517 siae,
270 2447 412 2503 testatur
435 2433 561 2503 Paulus
589 2436 633 2501 ad
660 2432 875 2514 Corinthios,
905 2436 960 2520 qui
990 2434 1153 2521 praeripit
1187 2434 1323 2500 dientia
1350 2431 1472 2518 procul
1499 2435 1598 2500 abest
1624 2454 1645 2498 a
1673 2429 1881 2518 perfectione
1909 2431 2005 2522 legis.
2050 2433 2103 2500 Ex
2129 2432 2185 2502 his

19 2573 23 2586 .
166 2525 284 2603 etiam,
316 2534 353 2588 vt
385 2519 442 2609 aiij
470 2519 557 2587 alios
591 2532 786 2606 expectent,
815 2532 852 2585 vt
879 2517 938 2586 ilat
966 2520 1151 2587 communis
1199 2520 1355 2586 carnibus
1372 2520 1456 2584 satis
1478 2516 1583 2605 liquet
1604 2519 1747 2586 Missam
1773 2519 1864 2604 apud
1892 2541 1974 2602 nos,
2004 2521 2185 2588 conuenire

165 2608 386 2698 participatio.
1200 2625 1277 2672 cum
1297 2604 1506 2671 institutione
1527 2603 1665 2686 Christi,
1689 2616 1724 2672 et
1748 2604 1815 2673 ritu
1842 2607 1969 2692 primae
1996 2604 2185 2689 Ecclesiae,

253 2691 437 2760 Patefactis
478 2695 581 2781 igitur
621 2694 782 2760 abusibus
822 2693 974 2778 priuatae
1010 2690 1150 2770 Missae,
1198 2691 1254 2759 Ad
1275 2688 1361 2758 baec
1382 2687 1529 2759 illustrat
1550 2691 1693 2758 maxime
1714 2701 1950 2761 verum'rsum
1973 2695 2185 2763 sacramenti.

190 2781 245 2848 uia
267 2792 300 2846 et
321 2777 503 2866 pleraeque
525 2800 642 2846 omnes
665 2778 792 2845 fiebant
813 2790 951 2864 propter
977 2777 1070 2844 illam
1093 2799 1152 2864 ap·
1197 2776 1395 2846 Huiusmodi
1414 2779 1599 2846 communis
1620 2775 1730 2845 Missa
1750 2778 1813 2846 fuit
1833 2778 1869 2845 in
1890 2781 1999 2849 veteri
2017 2778 2151 2849 Esaias·

164 2868 380 2956 p'cationem
411 2887 474 2952 pro
502 2869 654 2952 peccetis
681 2864 903 2945 aliorum-et
931 2886 1001 2932 non
1028 2883 1152 2932 conue-
1199 2876 1235 2931 vt
1257 2863 1522 2952 chrysostomus
1545 2875 1701 2944 testatur,
1724 2865 1779 2952 qui
1807 2866 1874 2945 ait',
1900 2869 2112 2936 sacerdotem

164 2955 260 3023 nient
278 2973 354 3020 cum
376 2954 583 3020 institutione
605 2951 751 3033 Christi,
773 2952 945 3018 desierunt
967 2952 1001 3018 in
1023 2951 1151 3017 uostris
1198 2947 1304 3019 altare
1326 2962 1435 3031 stare,
1465 2962 1499 3016 et
1518 2948 1605 3017 alios
1626 2952 1670 3016 ad
1701 2953 1966 3021 communionem
1994 2975 2185 3036 accersere,

165 3038 343 3108 Ecclesiis.
387 3038 450 3105 Est
471 3053 583 3105 autem
605 3039 755 3105 instituta
776 3057 843 3103 vna
864 3038 1050 3106 communis
1070 3035 1152 3103 hiis·
1199 3034 1287 3103 alios
1309 3058 1389 3103 vero
1412 3057 1543 3103 arcere.
1586 3037 1631 3104 Et
1652 3056 1695 3103 ex
1715 3038 1906 3106 NicenaeS
1931 3041 2010 3107 nodi
2037 3042 2185 3109 decretis

166 3146 220 3208 sa,
241 3128 333 3194 iuxta
355 3124 480 3192 Christi
503 3126 757 3206 ordinationem,
777 3124 812 3190 iu
834 3144 901 3212 qua
921 3135 1078 3211 pastores
1087 3123 1152 3189 Ec·
1199 3136 1357 3211 apparet,
1386 3144 1488 3191 vnum
1516 3123 1663 3211 aliquem
1690 3122 1884 3192 celebrasse
1947 3128 2117 3215 iturgianr,
2148 3138 2186 3196 vt

165 3209 347 3282 elesiarum
375 3228 594 3292 consecrant,
623 3223 776 3288 sumunt,
805 3222 840 3276 et
866 3212 1042 3301 porrigunt
1073 3207 1151 3363 aiiqs
1200 3212 1316 3298 graeci
1354 3223 1479 3277 vocant
1486 3256 1498 3291 ,
1532 3214 1591 3297 qui
1631 3213 1772 3278 caeteris
1810 3211 1964 3280 omnihus
1999 3214 2187 3300 porrexerit

166 3308 419 3374 sacramentum,
437 3318 498 3364 cor
543 3297 592 3362 ris
614 3309 648 3363 et
669 3297 845 3384 sanguinis
873 3296 1017 3378 Christi,
1040 3298 1083 3364 Et
1140 3309 1153 3362 t
1201 3316 1325 3383 corpus
1359 3308 1392 3363 et
1430 3300 1628 3386 sauguinem
1650 3296 1795 3365 Domini.
1849 3297 1945 3366 Haec
1984 3300 2073 3367 enim
2104 3311 2186 3369 suut

166 3382 245 3450 talis
268 3382 374 3448 Missa
395 3383 495 3490 singu
510 3385 538 3447 ‘s
560 3378 667 3469 ferijs,
689 3394 791 3469 atque
812 3381 890 3470 alijs
907 3385 1005 3449 etiam
1022 3385 1141 3450 diebus
1201 3386 1305 3451 verba
1329 3384 1462 3449 decreti.
1506 3384 1684 3468 Accipiunt
1711 3383 1855 3452 Diaconi
1887 3386 2072 3475 secundurq
2098 3387 2185 3455 ordi·

168 3469 256 3558 siqui
284 3466 390 3536 velint
415 3481 463 3535 vtr
491 3479 716 3535 sacramento.
766 3467 840 3534 Nec
867 3469 1082 3536 admittuntur
1108 3434 1152 3536 arf
1201 3491 1278 3536 nem
1299 3482 1379 3555 post
1400 3471 1620 3558 presbyteros
1642 3472 1685 3536 ab
1708 3469 1833 3558 Episco
1859 3491 1892 3551 o,
1915 3469 1971 3539 vel
1998 3476 2184 3562 epresby·

168 3556 452 3636 communionem,
473 3556 538 3621 nisi
560 3565 661 3621 autea
689 3551 865 3639 explorati.
909 3554 1090 3623 Adduutur
1119 3567 1154 3622 et
1200 3567 1276 3622 tero
1315 3577 1450 3629 sacram
1490 3558 1765 3623 communionem.
1851 3559 1884 3624 ic
1921 3560 2045 3625 diserte
2087 3560 2183 3646 ipsos

167 3643 350 3719 conciones
371 3643 465 3728 piae,
493 3643 582 3707 sicut
609 3639 765 3721 Christus
787 3631 955 3728 precepit,
982 3655 1019 3709 vt
1049 3643 1152 3710 habe·
1201 3644 1421 3730 presbyteros
1435 3646 1480 3719 ²⁸)
1510 3643 1557 3708 ait
1585 3644 1740 3729 accipere
1765 3655 2011 3711 sacramentum
2038 3646 2081 3710 ab
2114 3665 2184 3712 vno

166 3738 267 3799 autur
299 3729 483 3795 conciones
513 3749 588 3794 cum
621 3728 706 3794 haec
746 3728 937 3797 ceremonia
975 3739 1150 3805 tractatur.
1201 3730 1347 3817 quodam
1378 3729 1469 3815 porri
1497 3740 1584 3794 ente.
1627 3727 1701 3795 Nec
1721 3728 1872 3814 priuatae
1892 3726 2020 3797 Missae
2051 3729 2122 3798 vlla
2147 3730 2185 3799 fir

165 3814 211 3881 Et
231 3816 265 3880 in
282 3815 336 3881 his
356 3814 587 3888 concionibus,
609 3834 686 3882 cum
708 3815 752 3880 da
779 3815 923 3881 caeteris
945 3813 1097 3880 articulis
1119 3826 1168 3882 et'
1200 3817 1334 3894 mentio,
1356 3828 1433 3879 aute
1485 3814 1609 3901 regorij
1633 3828 1795 3901 tempora,
1814 3816 1884 3884 Sed
1896 3816 2027 3903 quoties
2049 3830 2183 3886 veteres

165 3906 336 3989 preceptis
367 3897 543 3988 Euangelij
578 3897 755 3986 diligenter
792 3901 956 3968 docentur
989 3901 1153 3983 homines,
1202 3903 1244 3968 de
1266 3899 1373 3966 Missa
1395 3898 1589 3986 loquuntur,
1611 3911 1754 3987 apparet
1779 3924 1841 3970 eos
1872 3904 1914 3968 de
1940 3924 2007 3970 vna
2040 3898 2184 3991 quadam

166 3999 238 4053 tum
259 3988 357 4052 etiem
379 3987 625 4066 admonentur,
658 3987 822 4074 adquam
849 4008 946 4053 vsnm
967 3989 1153 4055 institutum
1202 3987 1367 4054 communi
1398 3985 1506 4053 Missa
1536 3984 1638 4074 loqui·
1692 3986 1777 4054 Cum
1808 3990 1908 4077 igitur
1937 3988 2066 4058 Missae
2097 3992 2182 4062 ritus

167 4074 212 4138 sit
233 4083 492 4153 sacramentum,
514 4070 689 4152 videlicet,
710 4094 779 4139 non
800 4077 891 4159 quod
918 4094 962 4140 ex
990 4078 1152 4158 opere21)
1201 4074 1290 4225 apud
1311 4092 1375 4139 uos
1397 4069 1519 4140 habeat
1547 4074 1758 4142 autoritatem
1778 4077 1985 4161 scripturae,
2013 4088 2047 4142 et
2072 4098 2182 4145 exeru-

167 4170 307 4243 opereto
338 4169 504 4225 mereatur
532 4159 581 4224 eis
614 4159 846 4227 remissionem
857 4163 905 4243 ²²)
935 4172 1154 4248 peccatorum
1200 4181 1292 4248 pum
1314 4158 1439 4226 veteris
1460 4157 1648 4240 Ecclesiae,
1670 4171 1704 4226 et
1726 4172 1852 4227 tantum
1872 4158 2101 4231 intolerabiles
2135 4162 2182 4229 ui·
2230 4242 2235 4247 ¹

167 4242 256 4312 haec
277 4245 481 4325 ceremonia,
502 4243 572 4312 Sed
599 4246 960 4333 quodsacramentum
987 4248 1032 4314 sit
1058 4248 1153 4314 testi·
1201 4247 1276 4313 dam
1297 4247 1426 4313 abusus
1448 4245 1570 4312 abiecti
1591 4248 1671 4327 sint,
1693 4246 1876 4333 Speremus
1898 4267 1969 4328 non
1996 4183 2183 4336 passcha-

166 4332 326 4413 monium,
349 4332 394 4398 sit
414 4333 550 4420 pignus,
572 4352 640 4420 quo
652 4330 807 4400 Christus
829 4345 972 4399 testetur
992 4353 1032 4401 se
1052 4335 1152 4401 nobis
1199 4333 1334 4419 probari
1355 4344 1548 4399 nostrarum
1569 4331 1799 4401 Ecclesiarum
1821 4354 1957 4401 morem.
2002 4332 2115 4402 Ceteri
2138 4334 2183 4404 ri·

166 4431 319 4506 prestare
349 4422 534 4505 promissa,
566 4432 601 4486 et
630 4420 721 4505 quod
712 4420 990 4571 ahimam
1016 4420 1061 4486 ad
1088 4441 1152 4486 nos
1199 4431 1254 4487 tus
1275 4419 1449 4504 adiaphori
1470 4438 1595 4506 magna
1616 4439 1659 4485 cx
1679 4432 1774 4506 parte
1796 4421 1918 4487 usitato
1939 4435 2182 4488 moreseruan·

166 4506 375 4592 pertineant,
408 4505 499 4593 quod
523 4501 679 4571 Christus
779 4505 868 4571 ‘beat
897 4508 996 4574 nobis
1026 4527 1152 4593 corpus
1199 4517 1264 4585 tur,
1286 4505 1356 4572 Sed
1377 4524 1536 4571 numerus
1558 4504 1735 4573 missarum
1757 4503 1928 4573 dissimilis
1950 4517 2014 4574 est.
2030 4511 2072 4587 ¹⁹)
2106 4506 2184 4577 Nec

166 4608 277 4672 suum,
298 4605 336 4658 vt
356 4601 500 4658 testetur
520 4608 560 4658 sc
584 4591 620 4656 in
643 4593 743 4657 nobis
771 4588 943 4659 efficacem
971 4612 1051 4659 csse
1079 4605 1151 4659 tan·
1200 4589 1278 4657 olim
1299 4591 1333 4657 br
1356 4589 1521 4657 Ecclesiis
1543 4587 1824 4677 frequentissimis
1844 4592 2005 4672 habaiu)
2058 4594 2183 4662 uotidie

167 4696 267 4764 quam
299 4680 333 4744 in
360 4678 519 4745 ntembris
552 4679 642 4750 suis.
671 4675 837 4759 Exhibeat
868 4679 1084 4766 sanguinem,
1115 4690 1152 4745 vt
1199 4675 1319 4758 Missa,
1340 4688 1377 4743 vt
1399 4689 1544 4744 testatur
1564 4677 1704 4744 historia
1726 4680 1890 4767 tripartita
1910 4677 1967 4747 lib.
1979 4679 2011 4747 9.
2032 4616 2181 4770 Capssfi.

46 4808 57 4823 ,
167 4774 309 4831 testetur
339 4783 406 4830 nos
437 4762 531 4831 ablui
557 4763 724 4850 unguine
756 4783 831 4830 suo.
873 4763 1020 4832 Prodest
1051 4765 1153 4852 igitur
1198 4763 1331 4832 Rursus
1353 4775 1465 4832 autern
1486 4763 1521 4830 in
1542 4760 1762 4847 Alexandria,
1782 4778 1905 4854 quarta
1925 4778 1961 4835 at
1981 4778 2078 4837 serta
2097 4764 2183 4836 ferie
2277 4764 2280 4768 ’

166 4863 414 4917 aeramentum
439 4849 512 4931 his,
539 4851 597 4939 qui
617 4861 730 4939 agunt
756 4851 1011 4938 poeniteutiam,
1044 4851 1153 4919 stibi

1196 5092 1246 5162 Sd)
1263 5089 1442 5165 presbyteros]
1459 5093 1510 5146 lid
1526 5093 1554 5151 8.
1571 5098 1625 5163 ηρ.
1645 5108 1742 5147 errore:
1758 5093 1918 5162 presbiteros

166 5159 216 5226 ²1)
233 5158 328 5227 orm]
344 5161 396 5215 Μ
414 5160 441 5216 ⁸·
459 5167 513 5232 ua
530 5178 629 5218 m
647 5110 730 5231 rhet·
1112 5221 1135 5249 .‚
1195 5181 1246 5248 aa)
1262 5178 1319 5233 aa
1336 5181 1399 5232 oua
1415 5181 1445 5232 n
1465 5179 1541 5232 aar.
1564 5179 1632 5249 eq.
1655 5176 1746 5250 esea]
1768 5181 1807 5235 aa
1827 5181 1912 5238 nure
1931 5182 1960 5240 e.
1981 5183 2026 5248 er
2047 5181 2130 5235 sera
2153 5182 2180 5239 r.

62 5285 65 5292 .
166 5245 734 5316 aumruomlaeuatrmar
752 5249 874 5304 marro
1266 5247 2164 5322 transrhenanorum-,raumaricae
