4642 5594
142 5396 158 5437 tl

170 232 218 312 ss
579 309 590 342 δ
837 241 866 310 r.
907 242 951 312 Α,
976 241 1198 314 aunuum
1218 240 1528 316 vunanoms.
2151 252 2197 332 eu

171 429 421 514 misnen,
441 430 638 501 charitatem
671 445 781 502 autem
813 454 883 501 non
910 433 1042 515 babeo,
1072 432 1184 546 niltil'
1292 434 1385 514 item,
1406 435 1503 524 leges
1524 434 1697 524 gentilium
1726 449 1804 505 sunt
1828 435 2024 526 exlegibus
2052 448 2193 507 naturae

171 539 275 609 sunt..
302 516 402 586 Cedit
432 520 533 607 igitur
564 522 599 587 in
629 517 690 587 tali
722 541 807 588 casu
840 520 925 587 iides
953 519 1155 608 aliquamdiu
1207 519 1380 588 collectae„
1423 524 1534 591 Porro
1554 521 1651 611 leges
1671 533 1812 591 naturae
1839 536 1917 592 suut
1938 527 2038 593 etiam
2060 524 2195 593 divinae

173 606 346 686 charitati,
373 617 552 694 propterea
572 605 762 676 huiusmodi
783 607 986 677 offensiones
1017 605 1154 697 diligen·
1204 605 1318 696 leges,
1345 607 1443 677 Rom.
1464 610 1497 676 9.
1542 611 1628 678 Sunt
1659 621 1770 677 sutem
1797 609 1898 678 tales:
1929 611 2103 678 Neminem
2124 607 2195 678 las·

172 703 225 760 ter
244 693 403 759 vitandae
425 704 515 759 sunt.
558 691 652 760 llaec
673 696 757 760 satis
779 707 832 760 est
851 696 1034 762 monuisse.
1207 697 1299 776 dere,
1323 694 1427 762 Suum
1449 697 1559 763 unicui
1584 697 1813 778 retribuere,
1844 697 1901 765 Ab
1923 695 2061 765 ulterius
2082 716 2190 765 uxore

258 776 313 844 De
340 779 572 869 traditionibus
594 777 764 847 bominum
789 799 859 846 non
879 783 1021 870 prodest
1042 800 1154 879 usque
1205 782 1392 862 abstinere,
1426 781 1536 850 Certis
1561 719 1703 871 iegibus
1736 784 1946 851 matrimonia
1974 782 2190 863 contrahere,

169 865 258 933 adeo
272 860 571 953 multumquotidle
593 866 764 952 disputare
780 869 870 952 apud
891 866 1027 955 vulgus,
1048 868 1155 947 ⁸⁰)At
1206 864 1300 934 alere
1321 867 1486 954 sobolem,
1508 872 1651 937 reddere
1672 872 1826 952 gratiam,
1849 872 1988 938 obedire
2014 871 2190 958 magistra·
2264 890 2270 895 ·

169 952 226 1020 isti
259 963 340 1016 sunt
365 953 584 1019 maximorum
616 952 853 1020 scandalorum
886 967 1034 1037 autores,
1068 956 1155 1021 sient
1206 956 1308 1022 tibus.
1341 955 1437 1023 llaec
1458 958 1568 1023 omnia
1588 956 1684 1024 Deus
1704 959 1841 1044 scripsit
1860 958 1895 1023 in
1916 957 2035 1024 animis
2056 955 2192 1024 nostris.

169 1038 227 1125 qui
248 1034 353 1125 vulgo
374 1050 454 1105 sunt
475 1051 612 1118 autores
633 1040 769 1106 maioris
790 1039 958 1107 licentiae.
969 1045 1017 1120 ⁸⁰)
1041 1040 1155 1116 Quare
1294 1041 1404 1116 Quum
1415 1059 1527 1109 autern
1537 1064 1699 1111 vocamus
1711 1045 1856 1123 divinas,
1877 1045 2023 1129 scriptas
2035 1042 2071 1108 in
2088 1061 2194 1111 saxos
2238 1092 2243 1097 -

167 1143 239 1279 it?
260 1122 1155 1285 &didimititiiitiiiiimiiiiii
1208 1148 1544 1282 iiiimxiiii
1564 1128 2194 1304 ‘iiiiiiittimiiiti

904 1258 915 1291 1

168 1307 226 1365 sat
245 1298 474 1385 praeputium,
506 1297 573 1373 Qui
595 1311 650 1389 est
668 1299 757 1387 apud
782 1320 860 1379 eos,
888 1300 945 1387 qui
974 1311 1158 1368 vescuntur
1207 1302 1374 1368 dabantur
1394 1303 1641 1384 sacerdotibus
1662 1305 1754 1390 opud
1773 1324 1838 1370 nos
1860 1302 2009 1369 decimae
2024 1299 2093 1368 illis
2113 1301 2196 1368 dan·

170 1384 342 1463 carnibus,
363 1396 525 1451 vescatur
545 1385 580 1451 in
596 1385 729 1453 nomine
740 1385 885 1467 Domini,
907 1384 972 1462 Qui
990 1397 1045 1453 est
1064 1387 1155 1472 apud
1207 1388 1272 1455 dae
1293 1398 1385 1469 sunt,
1406 1389 1527 1475 quibus
1550 1409 1610 1456 eas
1622 1391 1840 1476 magistratus
1852 1390 1961 1462 nostri
1975 1389 2062 1455 tradi
2082 1389 2192 1455 iussa·

168 1467 267 1551 alios,
288 1490 359 1536 non
380 1482 580 1552 vescentes,
601 1493 669 1539 non
690 1473 814 1539 iudicet
838 1492 899 1540 eos
920 1485 955 1539 et
977 1472 1155 1541 abstineat.
1207 1475 1285 1555 rint,
1299 1479 1345 1552 ⁹⁰)
1395 1475 1456 1543 Sic
1487 1474 1621 1563 legibus
1655 1477 1781 1543 nostris
1812 1475 2050 1564 suspendimus
2082 1470 2189 1555 iures,

166 1552 245 1625 Hoc
272 1554 450 1624 consilium
483 1557 574 1626 dedit
601 1558 804 1627 Ambrosius
831 1559 930 1627 matri
961 1559 1157 1649 Augustini,
1207 1557 1265 1627 lea
1287 1561 1377 1627 Mosi
1399 1582 1466 1626 non
1490 1562 1677 1650 suspendit.

167 1653 206 1725 ut
221 1638 353 1711 Romu
374 1655 531 1711 servaret
552 1645 637 1713 ritus
660 1646 866 1723 eius,'nobis
887 1643 1070 1713 Mediolani
1086 1644 1156 1713 lile·
1294 1644 1489 1737 Decologus
1511 1661 1622 1715 autent
1638 1648 1749 1736 exigit
1767 1649 1925 1716 iustitiam
1947 1645 2083 1727 cordis,
2115 1664 2194 1732 pro·
2231 1678 2235 1685 ·

166 1724 340 1799 diolanilm
361 1731 458 1810 ritus,
490 1731 574 1797 satis
597 1732 684 1799 enim
705 1735 821 1812 sciret,
831 1736 880 1812 ⁸⁷)
903 1732 993 1821 quod
1015 1753 1084 1801 non
1106 1734 1156 1801 iu·
1207 1745 1324 1821 pterea
1343 1754 1412 1801 non
1434 1745 1487 1800 est
1508 1738 1592 1802 abro
1638 1745 1712 1816 tus,
1745 1737 1823 1822 quia
1851 1733 2042 1801 Christiane
2069 1733 2194 1799 iustitia

165 1815 324 1884 stilicent.
361 1813 551 1905 Diligenter
572 1820 671 1887 etiam
689 1819 880 1885 discernant
902 1816 1155 1886 ecclesiasticus
1209 1833 1263 1887 est
1280 1823 1406 1886 institia
1427 1823 1553 1903 cordis,
1574 1756 1651 1889 riis
1670 1823 1757 1889 enim
1779 1832 1832 1888 est
1852 1821 2044 1887 ceremonia
2054 1831 2194 1886 externe

165 1902 379 1983 traditiones,
400 1924 444 1970 ne
466 1916 582 1990 putent
602 1900 736 1992 legibus
754 1903 907 1972 civilibus
930 1906 1155 1993 conscientias
1208 1922 1266 1974 aut
1287 1909 1417 1973 interna
1438 1909 1595 1988 solistani,
1615 1909 1637 1975 i.
1660 1928 1690 1975 e.
1708 1906 1833 1993 politia,
1855 1908 1917 1973 sed
1937 1907 2085 1981 siout⁰¹t
2107 1905 2193 1972 Pau·

166 2009 236 2057 oon
257 1989 377 2073 teneri.
420 1988 475 2058 De
496 1989 550 2056 bis
573 1993 659 2057 enim
681 1988 809 2067 Paulus
831 1992 896 2058 aits
920 1990 1063 2077 Obedite
1085 2011 1154 2058 non
1208 1990 1263 2058 lus
1285 1994 1342 2072 ait,
1363 1998 1530 2077 πολίτευμα
1549 2001 1582 2060 ds
1602 1993 1751 2081 ον’ρανυῖς.
1801 1993 1988 2078 Propterea
2014 1991 2113 2058 etiam
2136 1993 2194 2059 de-

165 2071 277 2143 solmo
299 2087 439 2164 propter
460 2088 596 2156 metum,
616 2078 678 2143 sed
702 2077 801 2145 etiam
821 2089 960 2164 propter
979 2077 1156 2146 conamen·
1209 2076 1284 2144 colo
1321 2099 1353 2145 rs
1375 2092 1428 2144 eat
1448 2083 1611 2165 repetitus
1628 2081 1662 2146 in
1673 2077 1860 2167 Evangelio
1879 2092 1914 2144 et
1930 2079 2089 2164 exigitur,
2105 2078 2194 2159 sicat

167 2163 260 2231 uam
1208 2165 1255 2230 ait
1321 2164 1468 2232 ominosa
1501 2165 1578 2231 Non
1610 2166 1731 2252 peribit
1762 2185 1850 2251 apes
1883 2166 1926 2229 de
1960 2162 2048 2250 lege.
2097 2162 2193 2231 Haec

1208 2270 1289 2337 para
1309 2249 1410 2338 legis,
1430 2270 1519 2338 quae
1540 2253 1667 2337 scripte
1686 2263 1739 2317 est
1754 2253 1789 2318 in
1808 2250 1980 2330 cordibus,
2001 2260 2194 2401 nonputest

253 2504 409 2575 Libertus
438 2504 628 2575 Christiana
650 2509 792 2597 primum
814 2509 901 2576 baec
923 2519 994 2591 est,
1029 2504 1156 2576 babere
1206 2510 1305 2578 Actis
1329 2510 1380 2578 15.
1413 2510 1512 2577 iinno
1529 2512 1669 2599 gradum
1686 2486 1853 2578 libertatis
1865 2511 1912 2588 92)
1929 2517 2064 2585 ooonet
2079 2519 2195 2589 tenere

165 2593 401 2662 remissionem
422 2605 639 2684 peccatorum
661 2615 722 2682 per
744 2594 915 2665 Christum
934 2608 969 2663 et
991 2594 1156 2681 consequi
1207 2615 1299 2679 eos,¹
1319 2597 1378 2684 qui
1409 2598 1532 2665 docent
1562 2599 1597 2664 in
1629 2594 1797 2676 eeclesiis,
1841 2594 1941 2669 Quod
1955 2599 2002 2672 θ’)
2028 2614 2106 2663 oum
2125 2609 2197 2669 non

163 2679 326 2788 Spiritum
347 2691 515 2769 sonetum,
536 2701 598 2768 per
620 2702 717 2770 quem
739 2681 921 2750 liberemur
942 2703 965 2750 a
987 2691 1156 2769 potestate
1208 2694 1362 2750 tenerent
1381 2695 1460 2751 ante
1482 2683 1649 2751 biennium
1676 2694 1816 2750 autores
1843 2682 2042 2761 seditionis,
2071 2697 2195 2766 magna

165 2763 303 2835 diaboli.
331 2766 402 2834 lob.
425 2767 457 2833 t.
491 2766 529 2834 st
551 2789 615 2835 vos
637 2766 727 2836 iilius
750 2765 920 2851 liberarit,
950 2789 1032 2837 vere
1057 2764 1156 2835 liberi
1205 2767 1364 2837 alimenta
1392 2768 1516 2835 luroris
1543 2782 1771 2851 sumserunt,
1805 2769 1900 2848 inde,
1934 2769 2013 2855 quia
2045 2767 2194 2834 decimas

164 2853 261 2922 eatis.
305 2851 359 2919 De
391 2854 459 2921 hoc
493 2855 602 2940 gradu
636 2853 803 2923 libertatis
831 2853 1009 2943 diligenter
1031 2855 1155 2922 docen·
1205 2855 1369 2924 volebant
1390 2858 1522 2942 eripere
1542 2859 1622 2924 nob·
1639 2858 1720 2937 tati,
1739 2855 1885 2943 quod⁰⁴)
1906 2854 2070 2922 volebant
2090 2871 2193 2919 rena·

163 2940 244 3009 dunt
266 2951 329 3008 est
371 2941 459 3007 Nam
487 2939 574 3010 liaeo
602 2940 700 3009 affert
733 2944 950 3010 conscientiis
976 2943 1154 3011 maximam
1205 2946 1315 3011 tiones
1337 2941 1512 3029 publicari,
1533 2947 1632 3010 etiam
1644 2946 1691 3024 96)
1712 2943 1819 3010 silvas
1830 2961 2027 3009 communes
2038 2939 2195 3016 reddere,

163 3024 352 3097 utilitatem.
387 3024 646 3108 ⁸⁸)Gonsolatio
669 3031 755 3096 enirn
778 3042 945 3116 conrepta
967 3029 1082 3106 eorde,
1102 3024 1154 3093 lu·
1206 3031 1393 3116 quoderat
1416 3029 1578 3114 praedam
1599 3030 1731 3115 potius,
1762 3049 1863 3114 quam
1886 3024 2076 3093 libertatem
2097 3022 2194 3091 Chri-

164 3124 299 3184 orantes
321 3134 399 3181 cum
420 3115 585 3200 peccatis,
603 3117 708 3196 iuvet,
729 3138 829 3204 quum
853 3120 967 3182 sciunt
988 3115 1053 3180 sibi
1075 3132 1154 3198 pro·
1206 3115 1350 3181 stianam
1372 3116 1507 3180 dooere.
1788 3130 1795 3140 ·

163 3201 305 3266 missurn
326 3220 407 3266 esse
428 3198 587 3268 auxilium
609 3203 774 3269 adversus
792 3200 1016 3268 infirmitatem
1028 3196 1153 3277 carnia,
1229 3256 1234 3263 .
1292 3200 1469 3267 Postremo
1491 3210 1602 3267 sutem
1632 3198 1767 3267 iniimus
1788 3197 1916 3284 gradus
1936 3194 2103 3263 libertatis
2125 3207 2192 3273 est,

163 3287 330 3353 adversus
352 3282 529 3368 diaboion,
556 3308 601 3354 ne
622 3288 819 3367 vincantur,
852 3308 895 3353 ne
917 3287 1088 3373 rapiantur
1109 3283 1153 3350 ad
1205 3289 1296 3374 quod
1315 3287 1409 3354 Deus
1431 3306 1501 3353 non
1524 3286 1626 3372 exigit
1646 3287 1692 3353 nd
1707 3285 1975 3351 iustificationem
1994 3281 2193 3349 traditiones

162 3375 439 3461 peccandum.⁸⁸)
1205 3372 1378 3442 humanas.
1422 3371 1477 3439 De
1503 3370 1571 3439 boe
1592 3392 1660 3439 uno
1684 3372 1810 3459 gradu,
1832 3391 1930 3456 quem
1951 3366 2053 3435 facile
2074 3381 2128 3434 est
2148 3388 2194 3434 es

162 3517 165 3522 .
231 3461 429 3528 Secundus
462 3463 588 3548 gradus
615 3472 687 3544 est,
726 3458 889 3529 liberatos
916 3478 1002 3535 ‚esse
1034 3478 1099 3525 nus
1133 3479 1155 3523 a
1206 3461 1388 3544 praedictis
1411 3477 1633 3547 cognoscere,
1654 3470 1781 3524 tantum
1805 3459 1930 3524 docent
1951 3454 2128 3549 plerique,
2150 3454 2193 3521 de

163 3541 243 3635 lege
269 3544 380 3629 Mosi,
412 3547 502 3617 dont
529 3544 656 3618 Paulus
684 3549 732 3631 aii
747 3548 802 3625 ,ad
829 3546 957 3636 Ephes·
979 3546 1013 3613 i.
1036 3557 1070 3613 et
1088 3541 1155 3617 (lo,-
1177 3576 1182 3597 ·
1205 3548 1435 3633 superioribus
1458 3548 1560 3613 rebus
1583 3567 1636 3612 ma
1663 3546 1692 3610 is
1713 3544 1916 3619 necessariis
1938 3541 2021 3608 nihil
2038 3552 2097 3609 aut
2111 3560 2191 3635 raro

162 3629 250 3701 loss.
272 3636 305 3701 ⁶2.
533 3628 540 3639 ’
883 3626 887 3637 ’
1202 3626 1405 3720 loquuntur,
1433 3633 1524 3720 quod
1547 3642 1601 3700 est
1623 3567 1725 3719 piane
1751 3628 1873 3712 glutire
1894 3625 2055 3698 camelum
2078 3638 2113 3695 et
2134 3625 2191 3694 de·

253 3719 340 3786 Sunt
361 3731 472 3788 nutem
493 3717 580 3808 legis
603 3732 673 3789 tros
695 3733 827 3809 partesr
850 3716 1066 3806 Decalegus,
1088 3717 1153 3786 Ge·
1205 3723 1402 3804 voracem)
1425 3717 1576 3787 culicem.
2283 3737 2285 3741 ·

165 3807 337 3879 rumonim
365 3819 399 3874 et
427 3806 605 3874 iudicialis.
649 3807 783 3887 Sumus¹
806 3809 919 3894 itaque
946 3801 1078 3871 liberati
1112 3825 1154 3872 ea

41 3920 59 3965 ς
163 3908 264 3987 perte
284 3888 392 3984 legis,
414 3908 501 4049 puae
521 3895 664 3962 non'exi
691 3895 715 3960 ‘t
736 3892 894 3960 iustitiam
919 3893 1050 3973 cordis,
1079 3884 1154 3958 liae
1228 3902 1264 3917 ··
1447 3922 1511 3993 DE
1532 3910 1697 3992 LIBERO
1719 3920 1942 3990 mmo·
2045 3930 2048 3935 .
2132 3918 2162 3937 -.

166 3996 245 4051 aunt
266 3976 479 4051 oereittonae
500 3994 534 4049 et
555 3976 653 4048 iudici
689 3981 732 4048 itt.
762 3978 799 4046 ln
820 3977 833 4045 l
878 4001 898 4046 e
919 3978 1008 4045 blosi
1030 3980 1155 4065 primo·

139 4072 300 4161 'genitus
322 4069 469 4137 babebat
490 4072 577 4136 duas
593 4082 713 4154 partes
728 4068 967 4147 baereditatis,
988 4063 1154 4133 Dividuu·
1294 4062 1382 4131 Volo
1405 4064 1504 4131 etiam
1526 4063 1678 4131 nonniiiil
1700 4066 1744 4130 de
1772 4062 1880 4128 libero
1901 4061 2040 4126 arbitrio
2059 4059 2188 4125 adauri-

165 4161 280 4234 tur⁸⁰)
308 4178 401 4224 nuno
426 4158 518 4223 iuxta
539 4155 710 4222 Romanas
731 4152 843 4242 leges:
876 4150 956 4229 lieet
988 4153 1074 4229 euim
1093 4151 1153 4231 ,uti
1207 4153 1299 4234 bere,
1320 4153 1489 4240 quomodo
1508 4151 1626 4220 doceri
1641 4152 1776 4230 debeat,
1798 4150 1840 4216 de
1851 4168 1918 4237 quo
1927 4143 2078 4235 plerique
2087 4144 2189 4215 valde
2243 4182 2246 4189 v

167 4242 349 4335 gentilibus
370 4241 522 4334 legibus,
553 4243 631 4332 quia
651 4242 747 4309 Deus
765 4239 977 4349 ‚approbavit
992 4235 1153 4337 ,θεῶμαι
1203 4270 1410 4319 .‘.=..s....
1530 4286 1554 4301 -.
1639 4302 1642 4309 ,
1750 4287 1753 4296 .
2064 4294 2068 4303 .
2139 4286 2143 4291 .

166 4333 325 4421 ‘emim‘
394 4420 426 4425 --
1103 4428 1106 4435 .
1197 4345 1710 4447 'bi)1uiniin'1'tua·s.t'uoemin.“
1748 4376 1760 4396 ··
1802 4366 1844 4453 f's
1896 4376 1916 4383 ··
1971 4358 1979 4381 ·’
2008 4340 2093 4451 ἦῆ]’

1205 4485 1253 4551 91)
1271 4483 1333 4537 Non
1351 4487 1420 4536 euin
1443 4490 1484 4534 est
1506 4482 1606 4534 -aed
1629 4478 1708 4548 dont]
1734 4480 1785 4531 Ed.
1803 4480 1828 4530 9.
1850 4490 1906 4528 non
1927 4482 2037 4527 externa
2059 4475 2188 4540 φιιᾶιιιι

167 4556 218 4626 bb)
235 4557 274 4608 At
289 4558 334 4609 isti
351 4583 385 4595 —
404 4555 548 4623 licentiae]
567 4553 600 4608 ub
617 4553 669 4607 ud.
688 4554 713 4605 9.
732 4552 830 4606 udsmt.
1275 4555 1319 4604 rei
1337 4553 1511 4606 caeremonia
1528 4553 1572 4605 ael
1589 4548 1720 4603 πολιτεία.
1756 4548 1811 4603 Sed
1829 4548 1898 4598 sient

169 4661 217 4729 0⁷)
234 4661 301 4713 ritus
317 4662 382 4724 eins,
398 4660 475 4711 nobis
493 4686 528 4699 -
545 4659 607 4709 satis
625 4658 695 4709 eninr
712 4656 811 4724 sciret]
824 4655 875 4709 itu.
886 4658 910 4710 9.
927 4659 993 4710 ritus
1009 4655 1153 4722 Bomos,
1204 4657 1253 4724 99)
1271 4656 1410 4723 libertatis]
1430 4657 1479 4709 Ed.
1500 4657 1525 4710 ².
1543 4657 1674 4710 libertatis
1692 4655 1725 4706 ds
1741 4652 1858 4721 politiols
1875 4648 2086 4703 ordinationibus
2109 4654 2137 4698 et
2152 4648 2191 4698 iu·

239 4730 387 4782 Mediolani
403 4729 617 4782 Mediolanenses
634 4729 708 4792 ritus,
726 4728 788 4792 quia
805 4728 893 4791 sciret,
1274 4727 1413 4778 dioialibns

169 4833 218 4902 ss)
235 4833 392 4888 consolaus
410 4833 479 4884 anm
495 4859 530 4871 -
547 4832 582 4883 aa
593 4830 773 4898 paninum]
792 4830 843 4884 aa.
859 4831 886 4881 s.
904 4829 974 4884 um
991 4832 1036 4898 qu
1053 4830 1153 4899 taena-
1203 4831 1252 4900 oe)
1264 4829 1362 4899 ,Quom
1381 4831 1432 4881 na.
1451 4832 1476 4881 r.
1495 4843 1571 4895 man

238 4910 281 4954 tur
299 4919 356 4954 euru
374 4904 497 4986 peccatis,
515 4917 594 4967 quum
611 4902 698 4952 sciunt
714 4900 763 4952 sibi
782 4901 934 4965 promissum
952 4915 1008 4951 esse
1026 4888 1152 4984 stasilium
1204 4935 1254 5003 Ἠ)
1273 4933 1356 5001 quod]
1376 4932 1409 4985 ab
1425 4933 1476 4986 Ed·
1495 4934 1521 4983 2·
1541 4930 1619 4984 am

239 4973 366 5025 advenas
383 4971 559 5023 infirmitatem
577 4972 674 5034 earnis,
691 4971 814 5022 adversus
832 4969 972 5033 diabolum
995 4985 1029 5021 ne
1046 4985 1153 5021 numu·
1691 5025 1693 5027 ,

239 5049 291 5105 sur,
312 5056 346 5092 ne
363 5044 497 5108 rapiantur
513 5042 548 5093 ad
565 5041 738 5108 peccandum,
763 5054 886 5104 maguam
905 5038 1009 5092 'habeut
1032 5039 1152 5092 consola·
1205 5038 1254 5106 95)
1273 5035 1364 5103 enam]
1383 5038 1411 5087 in
1427 5036 1477 5089 Ed.
1497 5037 1522 5087 2.
1541 5034 1617 5087 deest.

239 5112 347 5162 ‘hm'
1207 5142 1274 5208 ibt)
1293 5141 1433 5205 devorare]
1451 5141 1488 5190 sio
1504 5139 1572 5190 mois
1587 5138 1671 5190 Editt.
1684 5151 1734 5204 pso
1753 5134 1892 5198 excolare3
1916 5137 2028 5202 wast
2046 5131 2109 5182 aaa
2130 5125 2191 5182 tus

171 5213 219 5281 99)
236 5211 410 5278 Diridautar]
426 5213 476 5265 lid.
497 5215 522 5265 9.
540 5212 724 5266 Emeditstas
742 5213 895 5265 dividuntur
1276 5209 1353 5263 veta
1370 5209 1407 5262 od
1423 5210 1501 5261 omn
1517 5206 1612 5292 liattlt.
1631 5206 1674 5269 st,
1691 5205 1733 5257 24.
