<?xml version="1.0" encoding="UTF-8"?>
<!DOCTYPE html PUBLIC "-//W3C//DTD XHTML 1.0 Transitional//EN"
    "http://www.w3.org/TR/xhtml1/DTD/xhtml1-transitional.dtd">
<html xmlns="http://www.w3.org/1999/xhtml" xml:lang="en" lang="en">
 <head>
  <title>
</title>
<meta http-equiv="Content-Type" content="text/html;charset=utf-8" />
  <meta name='ocr-system' content='tesseract 3.04.00' />
  <meta name='ocr-capabilities' content='ocr_page ocr_carea ocr_par ocr_line ocrx_word'/>
</head>
<body>
  <div class='ocr_page' id='page_1' title='image "./corpusreformato09melagoog_0031.png"; bbox 0 0 4642 5594; ppageno 0'>
   <div class='ocr_carea' id='block_1_1' title="bbox 40 4399 984 4493">
    <p class='ocr_par' dir='ltr' id='par_1_1' title="bbox 40 4399 984 4493">
     <span class='ocr_line' id='line_1_1' title="bbox 40 4399 984 4493; baseline -0.006 -22"><span class='ocrx_word' id='word_1_1' title='bbox 40 4454 49 4471; x_wconf 82' lang='lat'><strong>.</strong></span> <span class='ocrx_word' id='word_1_2' title='bbox 159 4405 270 4493; x_wconf 83' lang='lat' dir='ltr'><strong>bonae</strong></span> <span class='ocrx_word' id='word_1_3' title='bbox 285 4401 372 4467; x_wconf 87' lang='lat' dir='ltr'><strong>vitae</strong></span> <span class='ocrx_word' id='word_1_4' title='bbox 390 4412 423 4466; x_wconf 92' lang='lat' dir='ltr'><strong>et</strong></span> <span class='ocrx_word' id='word_1_5' title='bbox 441 4401 551 4468; x_wconf 87' lang='lat' dir='ltr'><strong>odium</strong></span> <span class='ocrx_word' id='word_1_6' title='bbox 570 4402 712 4488; x_wconf 89' lang='lat' dir='ltr'><strong>peccati,</strong></span> <span class='ocrx_word' id='word_1_7' title='bbox 733 4402 784 4466; x_wconf 92' lang='lat' dir='ltr'><strong>sie</strong></span> <span class='ocrx_word' id='word_1_8' title='bbox 796 4399 845 4465; x_wconf 87' lang='lat' dir='ltr'><strong>Pa</strong></span> <span class='ocrx_word' id='word_1_9' title='bbox 882 4419 921 4466; x_wconf 86' lang='lat' dir='ltr'><strong>ns</strong></span> <span class='ocrx_word' id='word_1_10' title='bbox 937 4401 984 4467; x_wconf 87' lang='lat' dir='ltr'><strong>ait</strong></span> 
     </span>
    </p>
   </div>
   <div class='ocr_carea' id='block_1_2' title="bbox 152 191 2180 328">
    <p class='ocr_par' dir='ltr' id='par_1_2' title="bbox 152 191 2180 328">
     <span class='ocr_line' id='line_1_2' title="bbox 152 191 2180 328; baseline 0 -8"><span class='ocrx_word' id='word_1_11' title='bbox 152 254 203 320; x_wconf 79' lang='lat' dir='ltr'><strong>-rr</strong></span> <span class='ocrx_word' id='word_1_12' title='bbox 610 214 1729 319; x_wconf 74' lang='lat' dir='ltr'><strong>run.nenscarrrroocnaneeersrncomen</strong></span> <span class='ocrx_word' id='word_1_13' title='bbox 2083 191 2089 202; x_wconf 39' lang='lat'><strong>⁴</strong></span> <span class='ocrx_word' id='word_1_14' title='bbox 2137 255 2180 328; x_wconf 83' lang='lat' dir='ltr'><strong>ur</strong></span> 
     </span>
    </p>
   </div>
   <div class='ocr_carea' id='block_1_3' title="bbox 94 429 2270 3193">
    <p class='ocr_par' dir='ltr' id='par_1_3' title="bbox 94 429 2270 3193">
     <span class='ocr_line' id='line_1_3' title="bbox 164 429 2179 528; baseline 0.001 -20"><span class='ocrx_word' id='word_1_15' title='bbox 164 445 267 508; x_wconf 91' lang='lat' dir='ltr'><strong>donat</strong></span> <span class='ocrx_word' id='word_1_16' title='bbox 290 452 448 527; x_wconf 84' lang='lat' dir='ltr'><strong>peecata,</strong></span> <span class='ocrx_word' id='word_1_17' title='bbox 478 429 576 518; x_wconf 87' lang='lat' dir='ltr'><strong>adsit,</strong></span> <span class='ocrx_word' id='word_1_18' title='bbox 594 442 749 526; x_wconf 66' lang='lat' dir='ltr'><strong>regatii)</strong></span> <span class='ocrx_word' id='word_1_19' title='bbox 772 454 806 503; x_wconf 90' lang='lat' dir='ltr'><strong>et</strong></span> <span class='ocrx_word' id='word_1_20' title='bbox 834 441 997 524; x_wconf 82' lang='lat' dir='ltr'>gubernet</span> <span class='ocrx_word' id='word_1_21' title='bbox 1024 459 1086 503; x_wconf 89' lang='lat' dir='ltr'><strong>nes</strong></span> <span class='ocrx_word' id='word_1_22' title='bbox 1110 453 1143 503; x_wconf 92' lang='lat' dir='ltr'><strong>et</strong></span> <span class='ocrx_word' id='word_1_23' title='bbox 1166 454 1169 506; x_wconf 78' lang='grc' dir='ltr'>ῑ</span> <span class='ocrx_word' id='word_1_24' title='bbox 1195 438 1343 513; x_wconf 85' lang='lat' dir='ltr'><strong>Quorum</strong></span> <span class='ocrx_word' id='word_1_25' title='bbox 1365 460 1455 503; x_wconf 91' lang='lat' dir='ltr'><strong>nunc</strong></span> <span class='ocrx_word' id='word_1_26' title='bbox 1473 441 1574 524; x_wconf 88' lang='lat' dir='ltr'><strong>pudet</strong></span> <span class='ocrx_word' id='word_1_27' title='bbox 1595 462 1670 506; x_wconf 86' lang='lat' dir='ltr'><strong>ros.</strong></span> <span class='ocrx_word' id='word_1_28' title='bbox 1715 440 1855 508; x_wconf 76' lang='lat' dir='ltr'><strong>Romss.</strong></span> <span class='ocrx_word' id='word_1_29' title='bbox 1889 443 1924 507; x_wconf 85' lang='lat' dir='ltr'><strong>Si</strong></span> <span class='ocrx_word' id='word_1_30' title='bbox 1948 444 2067 528; x_wconf 82' lang='lat' dir='ltr'><strong>spiritu</strong></span> <span class='ocrx_word' id='word_1_31' title='bbox 2088 440 2179 511; x_wconf 79' lang='lat' dir='ltr'><strong>tacte</strong></span> 
     </span>
     <span class='ocr_line' id='line_1_4' title="bbox 163 524 2040 610; baseline -0.002 -18"><span class='ocrx_word' id='word_1_32' title='bbox 163 531 207 594; x_wconf 91' lang='lat' dir='ltr'><strong>sit</strong></span> <span class='ocrx_word' id='word_1_33' title='bbox 219 526 424 594; x_wconf 88' lang='lat' dir='ltr'><strong>salvaturus.</strong></span> <span class='ocrx_word' id='word_1_34' title='bbox 459 524 544 591; x_wconf 87' lang='lat' dir='ltr'>Sunt</span> <span class='ocrx_word' id='word_1_35' title='bbox 566 528 661 590; x_wconf 89' lang='lat' dir='ltr'><strong>etiam</strong></span> <span class='ocrx_word' id='word_1_36' title='bbox 680 527 836 590; x_wconf 87' lang='lat' dir='ltr'><strong>urenendi</strong></span> <span class='ocrx_word' id='word_1_37' title='bbox 857 524 1021 606; x_wconf 85' lang='lat' dir='ltr'><strong>homines,</strong></span> <span class='ocrx_word' id='word_1_38' title='bbox 1043 525 1142 591; x_wconf 81' lang='lat' dir='ltr'><strong>fidem</strong></span> <span class='ocrx_word' id='word_1_39' title='bbox 1195 528 1307 592; x_wconf 86' lang='lat' dir='ltr'><strong>carnis</strong></span> <span class='ocrx_word' id='word_1_40' title='bbox 1329 527 1549 610; x_wconf 76' lang='lat' dir='ltr'><strong>mortificatis,</strong></span> <span class='ocrx_word' id='word_1_41' title='bbox 1570 528 1702 592; x_wconf 84' lang='lat' dir='ltr'><strong>vivetis.</strong></span> <span class='ocrx_word' id='word_1_42' title='bbox 2036 542 2040 552; x_wconf 79' lang='grc'><strong>“</strong></span> 
     </span>
     <span class='ocr_line' id='line_1_5' title="bbox 164 611 2178 700; baseline 0 -20"><span class='ocrx_word' id='word_1_43' title='bbox 164 635 242 680; x_wconf 78' lang='lat' dir='ltr'><strong>esse</strong></span> <span class='ocrx_word' id='word_1_44' title='bbox 264 635 329 679; x_wconf 90' lang='lat' dir='ltr'><strong>non</strong></span> <span class='ocrx_word' id='word_1_45' title='bbox 354 627 479 677; x_wconf 87' lang='lat' dir='ltr'><strong>tantum</strong></span> <span class='ocrx_word' id='word_1_46' title='bbox 502 613 640 676; x_wconf 89' lang='lat' dir='ltr'><strong>credere</strong></span> <span class='ocrx_word' id='word_1_47' title='bbox 662 613 892 677; x_wconf 80' lang='lat' dir='ltr'><strong>remissionem</strong></span> <span class='ocrx_word' id='word_1_48' title='bbox 917 627 1143 697; x_wconf 85' lang='lat' dir='ltr'><strong>peccatorum,</strong></span> <span class='ocrx_word' id='word_1_49' title='bbox 1280 611 1414 677; x_wconf 80' lang='lat' dir='ltr'><strong>Debent</strong></span> <span class='ocrx_word' id='word_1_50' title='bbox 1458 624 1567 676; x_wconf 87' lang='lat' dir='ltr'><strong>autem</strong></span> <span class='ocrx_word' id='word_1_51' title='bbox 1613 623 1769 696; x_wconf 85' lang='lat' dir='ltr'><strong>pastores</strong></span> <span class='ocrx_word' id='word_1_52' title='bbox 1807 633 1965 678; x_wconf 87' lang='lat' dir='ltr'><strong>enarrare</strong></span> <span class='ocrx_word' id='word_1_53' title='bbox 1997 612 2178 700; x_wconf 73' lang='lat' dir='ltr'><strong>symbolon</strong></span> 
     </span>
     <span class='ocr_line' id='line_1_6' title="bbox 163 696 2179 782; baseline 0 -16"><span class='ocrx_word' id='word_1_54' title='bbox 163 703 225 766; x_wconf 87' lang='lat' dir='ltr'><strong>sed</strong></span> <span class='ocrx_word' id='word_1_55' title='bbox 242 703 339 766; x_wconf 87' lang='lat' dir='ltr'><strong>etiam</strong></span> <span class='ocrx_word' id='word_1_56' title='bbox 364 699 428 764; x_wconf 92' lang='lat' dir='ltr'><strong>hoc</strong></span> <span class='ocrx_word' id='word_1_57' title='bbox 446 701 608 764; x_wconf 79' lang='lat' dir='ltr'><strong>accedere</strong></span> <span class='ocrx_word' id='word_1_58' title='bbox 627 710 794 782; x_wconf 87' lang='lat' dir='ltr'><strong>oportere,</strong></span> <span class='ocrx_word' id='word_1_59' title='bbox 816 699 1055 777; x_wconf 86' lang='lat' dir='ltr'><strong>uteredanrus,</strong></span> <span class='ocrx_word' id='word_1_60' title='bbox 1079 717 1141 763; x_wconf 90' lang='lat' dir='ltr'><strong>nos</strong></span> <span class='ocrx_word' id='word_1_61' title='bbox 1166 748 1168 761; x_wconf 91' lang='lat'><strong>.</strong></span> <span class='ocrx_word' id='word_1_62' title='bbox 1193 696 1434 781; x_wconf 72' lang='lat' dir='ltr'><strong>Apostolorum</strong></span> <span class='ocrx_word' id='word_1_63' title='bbox 1458 698 1624 763; x_wconf 88' lang='lat' dir='ltr'><strong>eeclesiis.</strong></span> <span class='ocrx_word' id='word_1_64' title='bbox 1679 698 1820 772; x_wconf 89' lang='lat' dir='ltr'><strong>Quidam</strong></span> <span class='ocrx_word' id='word_1_65' title='bbox 1849 701 2015 765; x_wconf 92' lang='lat' dir='ltr'><strong>somniant</strong></span> <span class='ocrx_word' id='word_1_66' title='bbox 2038 703 2179 767; x_wconf 82' lang='lat' dir='ltr'><strong>eredere</strong></span> 
     </span>
     <span class='ocr_line' id='line_1_7' title="bbox 112 774 2178 883; baseline 0.004 -38"><span class='ocrx_word' id='word_1_67' title='bbox 112 839 115 845; x_wconf 88' lang='lat'><strong>.</strong></span> <span class='ocrx_word' id='word_1_68' title='bbox 187 801 241 851; x_wconf 89' lang='lat' dir='ltr'><strong>ost</strong></span> <span class='ocrx_word' id='word_1_69' title='bbox 264 787 543 852; x_wconf 87' lang='lat' dir='ltr'><strong>condonationem</strong></span> <span class='ocrx_word' id='word_1_70' title='bbox 565 797 778 868; x_wconf 89' lang='lat' dir='ltr'><strong>peecatorum</strong></span> <span class='ocrx_word' id='word_1_71' title='bbox 801 783 934 849; x_wconf 83' lang='lat' dir='ltr'><strong>delendi</strong></span> <span class='ocrx_word' id='word_1_72' title='bbox 965 797 998 849; x_wconf 93' lang='lat' dir='ltr'><strong>et</strong></span> <span class='ocrx_word' id='word_1_73' title='bbox 1026 785 1098 870; x_wconf 83' lang='lat' dir='ltr'><strong>regi</strong></span> <span class='ocrx_word' id='word_1_74' title='bbox 1121 805 1143 850; x_wconf 92' lang='lat' dir='ltr'><strong>a</strong></span> <span class='ocrx_word' id='word_1_75' title='bbox 1165 774 1169 845; x_wconf 87' lang='lat' dir='ltr'><strong>i</strong></span> <span class='ocrx_word' id='word_1_76' title='bbox 1194 803 1271 847; x_wconf 89' lang='lat' dir='ltr'><strong>esse</strong></span> <span class='ocrx_word' id='word_1_77' title='bbox 1294 785 1345 863; x_wconf 90' lang='lat' dir='ltr'><strong>id,</strong></span> <span class='ocrx_word' id='word_1_78' title='bbox 1368 786 1456 870; x_wconf 85' lang='lat' dir='ltr'><strong>quod</strong></span> <span class='ocrx_word' id='word_1_79' title='bbox 1480 796 1595 849; x_wconf 89' lang='lat' dir='ltr'><strong>tenere</strong></span> <span class='ocrx_word' id='word_1_80' title='bbox 1617 786 1788 850; x_wconf 78' lang='lat' dir='ltr'><strong>historiam</strong></span> <span class='ocrx_word' id='word_1_81' title='bbox 1813 786 1856 849; x_wconf 87' lang='lat' dir='ltr'><strong>de</strong></span> <span class='ocrx_word' id='word_1_82' title='bbox 1884 785 2038 866; x_wconf 87' lang='lat' dir='ltr'><strong>Christo,</strong></span> <span class='ocrx_word' id='word_1_83' title='bbox 2069 806 2178 883; x_wconf 79' lang='lat' dir='ltr'><strong>eoque</strong></span> 
     </span>
     <span class='ocr_line' id='line_1_8' title="bbox 146 869 2177 960; baseline 0 -21"><span class='ocrx_word' id='word_1_84' title='bbox 146 873 158 899; x_wconf 83' lang='lat'>⁸</span> <span class='ocrx_word' id='word_1_85' title='bbox 197 895 250 939; x_wconf 94' lang='lat' dir='ltr'><strong>eo.</strong></span> <span class='ocrx_word' id='word_1_86' title='bbox 304 871 367 936; x_wconf 87' lang='lat' dir='ltr'><strong>Est</strong></span> <span class='ocrx_word' id='word_1_87' title='bbox 395 873 530 949; x_wconf 78' lang='lat' dir='ltr'><strong>ideo²⁴)</strong></span> <span class='ocrx_word' id='word_1_88' title='bbox 560 890 694 957; x_wconf 89' lang='lat' dir='ltr'><strong>quoque</strong></span> <span class='ocrx_word' id='word_1_89' title='bbox 717 871 923 949; x_wconf 86' lang='lat' dir='ltr'><strong>docendum,</strong></span> <span class='ocrx_word' id='word_1_90' title='bbox 958 871 1142 935; x_wconf 89' lang='lat' dir='ltr'><strong>condonari</strong></span> <span class='ocrx_word' id='word_1_91' title='bbox 1194 871 1349 955; x_wconf 80' lang='lat' dir='ltr'><strong>cognita,</strong></span> <span class='ocrx_word' id='word_1_92' title='bbox 1371 869 1544 935; x_wconf 80' lang='lat' dir='ltr'><strong>iustificari</strong></span> <span class='ocrx_word' id='word_1_93' title='bbox 1572 869 1733 936; x_wconf 87' lang='lat' dir='ltr'><strong>homines.</strong></span> <span class='ocrx_word' id='word_1_94' title='bbox 1781 870 1906 936; x_wconf 89' lang='lat' dir='ltr'><strong>Verum</strong></span> <span class='ocrx_word' id='word_1_95' title='bbox 1937 870 1970 937; x_wconf 88' lang='lat' dir='ltr'><strong>hi</strong></span> <span class='ocrx_word' id='word_1_96' title='bbox 1992 871 2097 960; x_wconf 82' lang='lat' dir='ltr'><strong>longe</strong></span> <span class='ocrx_word' id='word_1_97' title='bbox 2117 875 2177 940; x_wconf 89' lang='lat' dir='ltr'><strong>ab·</strong></span> 
     </span>
     <span class='ocr_line' id='line_1_9' title="bbox 114 957 2176 1046; baseline 0 -21"><span class='ocrx_word' id='word_1_98' title='bbox 114 990 116 994; x_wconf 41' lang='lat'><strong>¹</strong></span> <span class='ocrx_word' id='word_1_99' title='bbox 162 961 262 1025; x_wconf 86' lang='lat' dir='ltr'><strong>nobis</strong></span> <span class='ocrx_word' id='word_1_100' title='bbox 284 970 426 1042; x_wconf 87' lang='lat' dir='ltr'><strong>peecata</strong></span> <span class='ocrx_word' id='word_1_101' title='bbox 445 977 514 1025; x_wconf 90' lang='lat' dir='ltr'><strong>nou</strong></span> <span class='ocrx_word' id='word_1_102' title='bbox 538 970 675 1042; x_wconf 91' lang='lat' dir='ltr'><strong>propter</strong></span> <span class='ocrx_word' id='word_1_103' title='bbox 696 969 813 1021; x_wconf 77' lang='lat' dir='ltr'><strong>nostra</strong></span> <span class='ocrx_word' id='word_1_104' title='bbox 835 958 965 1037; x_wconf 90' lang='lat' dir='ltr'><strong>merita,</strong></span> <span class='ocrx_word' id='word_1_105' title='bbox 989 957 1050 1022; x_wconf 89' lang='lat' dir='ltr'><strong>sed</strong></span> <span class='ocrx_word' id='word_1_106' title='bbox 1068 977 1144 1042; x_wconf 89' lang='lat' dir='ltr'><strong>pro·</strong></span> <span class='ocrx_word' id='word_1_107' title='bbox 1193 969 1316 1021; x_wconf 87' lang='lat' dir='ltr'><strong>errant.</strong></span> <span class='ocrx_word' id='word_1_108' title='bbox 1361 957 1444 1021; x_wconf 88' lang='lat' dir='ltr'><strong>Nam</strong></span> <span class='ocrx_word' id='word_1_109' title='bbox 1467 957 1660 1022; x_wconf 77' lang='lat' dir='ltr'><strong>eudemum</strong></span> <span class='ocrx_word' id='word_1_110' title='bbox 1684 957 1766 1022; x_wconf 88' lang='lat' dir='ltr'><strong>iides</strong></span> <span class='ocrx_word' id='word_1_111' title='bbox 1789 957 1957 1039; x_wconf 85' lang='lat' dir='ltr'><strong>iustificat,</strong></span> <span class='ocrx_word' id='word_1_112' title='bbox 1979 979 2080 1046; x_wconf 85' lang='lat' dir='ltr'><strong>quum</strong></span> <span class='ocrx_word' id='word_1_113' title='bbox 2103 979 2176 1027; x_wconf 87' lang='lat' dir='ltr'><strong>erc·</strong></span> 
     </span>
     <span class='ocr_line' id='line_1_10' title="bbox 152 1038 2178 1133; baseline 0 -22"><span class='ocrx_word' id='word_1_114' title='bbox 152 1048 236 1133; x_wconf 86' lang='lat' dir='ltr'><strong>&#39;pter</strong></span> <span class='ocrx_word' id='word_1_115' title='bbox 257 1044 444 1120; x_wconf 80' lang='lat' dir='ltr'><strong>Christum,</strong></span> <span class='ocrx_word' id='word_1_116' title='bbox 478 1044 572 1127; x_wconf 89' lang='lat' dir='ltr'><strong>quia,</strong></span> <span class='ocrx_word' id='word_1_117' title='bbox 605 1045 634 1107; x_wconf 89' lang='lat' dir='ltr'><strong>si</strong></span> <span class='ocrx_word' id='word_1_118' title='bbox 657 1043 774 1108; x_wconf 88' lang='lat' dir='ltr'><strong>merita</strong></span> <span class='ocrx_word' id='word_1_119' title='bbox 804 1054 922 1107; x_wconf 90' lang='lat' dir='ltr'><strong>nostra</strong></span> <span class='ocrx_word' id='word_1_120' title='bbox 948 1038 1169 1125; x_wconf 80' lang='lat' dir='ltr'><strong>iuberentur!</strong></span> <span class='ocrx_word' id='word_1_121' title='bbox 1193 1042 1240 1106; x_wconf 91' lang='lat' dir='ltr'><strong>dit</strong></span> <span class='ocrx_word' id='word_1_122' title='bbox 1269 1043 1495 1107; x_wconf 90' lang='lat' dir='ltr'><strong>remissionem</strong></span> <span class='ocrx_word' id='word_1_123' title='bbox 1523 1054 1748 1126; x_wconf 90' lang='lat' dir='ltr'><strong>peecatorum.</strong></span> <span class='ocrx_word' id='word_1_124' title='bbox 1794 1043 1873 1108; x_wconf 91' lang='lat' dir='ltr'><strong>ideo</strong></span> <span class='ocrx_word' id='word_1_125' title='bbox 1903 1046 1935 1109; x_wconf 91' lang='lat' dir='ltr'><strong>in</strong></span> <span class='ocrx_word' id='word_1_126' title='bbox 1966 1047 2178 1111; x_wconf 73' lang='lat' dir='ltr'><strong>enarratione</strong></span> 
     </span>
     <span class='ocr_line' id='line_1_11' title="bbox 161 1126 2229 1218; baseline 0 -21"><span class='ocrx_word' id='word_1_127' title='bbox 161 1132 303 1218; x_wconf 83' lang='lat' dir='ltr'><strong>respici,</strong></span> <span class='ocrx_word' id='word_1_128' title='bbox 331 1130 555 1194; x_wconf 86' lang='lat' dir='ltr'><strong>eonscientiae</strong></span> <span class='ocrx_word' id='word_1_129' title='bbox 578 1149 706 1203; x_wconf 88' lang='lat' dir='ltr'><strong>eorum,</strong></span> <span class='ocrx_word' id='word_1_130' title='bbox 736 1129 791 1213; x_wconf 88' lang='lat' dir='ltr'><strong>qni</strong></span> <span class='ocrx_word' id='word_1_131' title='bbox 814 1126 906 1194; x_wconf 91' lang='lat' dir='ltr'><strong>nulla</strong></span> <span class='ocrx_word' id='word_1_132' title='bbox 927 1127 1053 1195; x_wconf 82' lang='lat' dir='ltr'><strong>babent</strong></span> <span class='ocrx_word' id='word_1_133' title='bbox 1075 1148 1142 1195; x_wconf 86' lang='lat' dir='ltr'><strong>me·</strong></span> <span class='ocrx_word' id='word_1_134' title='bbox 1164 1151 1169 1200; x_wconf 55' lang='grc' dir='ltr'><strong>ι</strong></span> <span class='ocrx_word' id='word_1_135' title='bbox 1192 1126 1336 1214; x_wconf 87' lang='lat' dir='ltr'><strong>symboli</strong></span> <span class='ocrx_word' id='word_1_136' title='bbox 1358 1130 1493 1195; x_wconf 91' lang='lat' dir='ltr'><strong>iubeant</strong></span> <span class='ocrx_word' id='word_1_137' title='bbox 1519 1128 1562 1192; x_wconf 91' lang='lat' dir='ltr'><strong>ad</strong></span> <span class='ocrx_word' id='word_1_138' title='bbox 1591 1149 1667 1193; x_wconf 92' lang='lat' dir='ltr'><strong>eum</strong></span> <span class='ocrx_word' id='word_1_139' title='bbox 1695 1128 1871 1195; x_wconf 85' lang='lat' dir='ltr'><strong>articulum</strong></span> <span class='ocrx_word' id='word_1_140' title='bbox 1899 1131 2021 1216; x_wconf 88' lang='lat' dir='ltr'><strong>respici</strong></span> <span class='ocrx_word' id='word_1_141' title='bbox 2049 1130 2176 1210; x_wconf 83' lang='lat' dir='ltr'><strong>(Credo</strong></span> <span class='ocrx_word' id='word_1_142' title='bbox 2222 1194 2229 1203; x_wconf 88' lang='grc'><em>,</em></span> 
     </span>
     <span class='ocr_line' id='line_1_12' title="bbox 160 1212 2175 1302; baseline -0.001 -17"><span class='ocrx_word' id='word_1_143' title='bbox 160 1219 237 1298; x_wconf 88' lang='lat' dir='ltr'><strong>rita,</strong></span> <span class='ocrx_word' id='word_1_144' title='bbox 261 1217 475 1302; x_wconf 80' lang='lat' dir='ltr'><strong>adigerentur</strong></span> <span class='ocrx_word' id='word_1_145' title='bbox 496 1217 539 1280; x_wconf 88' lang='lat' dir='ltr'><strong>ad</strong></span> <span class='ocrx_word' id='word_1_146' title='bbox 562 1217 838 1300; x_wconf 77' lang='lat' dir='ltr'><strong>desperationem.</strong></span> <span class='ocrx_word' id='word_1_147' title='bbox 1193 1216 1423 1279; x_wconf 87' lang='lat' dir='ltr'><strong>remissionem</strong></span> <span class='ocrx_word' id='word_1_148' title='bbox 1434 1227 1678 1299; x_wconf 85' lang='lat' dir='ltr'><strong>peccatorum),</strong></span> <span class='ocrx_word' id='word_1_149' title='bbox 1700 1212 1855 1280; x_wconf 84' lang='lat' dir='ltr'><strong>edilium</strong></span> <span class='ocrx_word' id='word_1_150' title='bbox 1875 1216 2175 1285; x_wconf 78' lang='lat' dir='ltr'><strong>omneisarticnles</strong></span> 
     </span>
     <span class='ocr_line' id='line_1_13' title="bbox 247 1300 1905 1386; baseline 0.001 -22"><span class='ocrx_word' id='word_1_151' title='bbox 247 1301 328 1367; x_wconf 92' lang='lat' dir='ltr'><strong>item</strong></span> <span class='ocrx_word' id='word_1_152' title='bbox 356 1315 432 1368; x_wconf 87' lang='lat' dir='ltr'><strong>sunt</strong></span> <span class='ocrx_word' id='word_1_153' title='bbox 460 1301 619 1379; x_wconf 90' lang='lat' dir='ltr'><strong>docendi,</strong></span> <span class='ocrx_word' id='word_1_154' title='bbox 648 1303 737 1386; x_wconf 89' lang='lat' dir='ltr'><strong>quod</strong></span> <span class='ocrx_word' id='word_1_155' title='bbox 770 1302 868 1365; x_wconf 90' lang='lat' dir='ltr'><strong>etiam</strong></span> <span class='ocrx_word' id='word_1_156' title='bbox 901 1303 931 1365; x_wconf 87' lang='lat' dir='ltr'><strong>si</strong></span> <span class='ocrx_word' id='word_1_157' title='bbox 959 1300 1142 1366; x_wconf 87' lang='lat' dir='ltr'><strong>habeamus</strong></span> <span class='ocrx_word' id='word_1_158' title='bbox 1193 1302 1385 1386; x_wconf 82' lang='lat' dir='ltr'><strong>superiores</strong></span> <span class='ocrx_word' id='word_1_159' title='bbox 1408 1301 1631 1367; x_wconf 86' lang='lat' dir='ltr'><strong>conferendos</strong></span> <span class='ocrx_word' id='word_1_160' title='bbox 1654 1320 1733 1366; x_wconf 87' lang='lat' dir='ltr'><strong>esse</strong></span> <span class='ocrx_word' id='word_1_161' title='bbox 1754 1301 1905 1369; x_wconf 78' lang='lat' dir='ltr'><strong>doceant</strong></span> 
     </span>
     <span class='ocr_line' id='line_1_14' title="bbox 162 1384 1142 1472; baseline -0.005 -17"><span class='ocrx_word' id='word_1_162' title='bbox 162 1393 279 1455; x_wconf 87' lang='lat' dir='ltr'><strong>merita</strong></span> <span class='ocrx_word' id='word_1_163' title='bbox 301 1400 334 1453; x_wconf 89' lang='lat' dir='ltr'><strong>et</strong></span> <span class='ocrx_word' id='word_1_164' title='bbox 358 1390 445 1453; x_wconf 89' lang='lat' dir='ltr'><strong>bona</strong></span> <span class='ocrx_word' id='word_1_165' title='bbox 467 1407 583 1472; x_wconf 85' lang='lat' dir='ltr'><strong>opera,</strong></span> <span class='ocrx_word' id='word_1_166' title='bbox 604 1401 713 1451; x_wconf 86' lang='lat' dir='ltr'><strong>tamen</strong></span> <span class='ocrx_word' id='word_1_167' title='bbox 733 1407 773 1452; x_wconf 87' lang='lat' dir='ltr'><strong>ea</strong></span> <span class='ocrx_word' id='word_1_168' title='bbox 795 1386 988 1453; x_wconf 83' lang='lat' dir='ltr'><strong>nouvalent</strong></span> <span class='ocrx_word' id='word_1_169' title='bbox 1010 1387 1053 1451; x_wconf 88' lang='lat' dir='ltr'><strong>ad</strong></span> <span class='ocrx_word' id='word_1_170' title='bbox 1071 1384 1142 1472; x_wconf 90' lang='lat' dir='ltr'><strong>pla·</strong></span> 
     </span>
     <span class='ocr_line' id='line_1_15' title="bbox 162 1469 1802 1556; baseline -0.002 -14"><span class='ocrx_word' id='word_1_171' title='bbox 162 1476 306 1543; x_wconf 89' lang='lat' dir='ltr'><strong>eandum</strong></span> <span class='ocrx_word' id='word_1_172' title='bbox 327 1473 456 1553; x_wconf 88' lang='lat' dir='ltr'><strong>Deum,</strong></span> <span class='ocrx_word' id='word_1_173' title='bbox 484 1474 576 1539; x_wconf 82' lang='lat' dir='ltr'><strong>iuxta</strong></span> <span class='ocrx_word' id='word_1_174' title='bbox 598 1469 700 1538; x_wconf 82' lang='lat' dir='ltr'><strong>iliud:</strong></span> <span class='ocrx_word' id='word_1_175' title='bbox 733 1472 863 1554; x_wconf 80' lang='lat' dir='ltr'><strong>Dicite,</strong></span> <span class='ocrx_word' id='word_1_176' title='bbox 893 1470 1028 1539; x_wconf 89' lang='lat' dir='ltr'><strong>inutiles</strong></span> <span class='ocrx_word' id='word_1_177' title='bbox 1050 1474 1142 1538; x_wconf 84' lang='lat' dir='ltr'><strong>servi</strong></span> <span class='ocrx_word' id='word_1_178' title='bbox 1555 1485 1618 1554; x_wconf 71' lang='grc' dir='ltr'><strong>ΒΕ</strong></span> <span class='ocrx_word' id='word_1_179' title='bbox 1641 1487 1802 1556; x_wconf 70' lang='lat' dir='ltr'><strong>cssucss,</strong></span> 
     </span>
     <span class='ocr_line' id='line_1_16' title="bbox 160 1557 1141 1647; baseline -0.002 -20"><span class='ocrx_word' id='word_1_180' title='bbox 160 1582 297 1640; x_wconf 90' lang='lat' dir='ltr'><strong>sumus,</strong></span> <span class='ocrx_word' id='word_1_181' title='bbox 324 1560 422 1626; x_wconf 91' lang='lat' dir='ltr'><strong>item:</strong></span> <span class='ocrx_word' id='word_1_182' title='bbox 454 1560 532 1624; x_wconf 93' lang='lat' dir='ltr'><strong>Non</strong></span> <span class='ocrx_word' id='word_1_183' title='bbox 555 1557 786 1624; x_wconf 79' lang='lat' dir='ltr'><strong>iustificabitur</strong></span> <span class='ocrx_word' id='word_1_184' title='bbox 815 1561 847 1625; x_wconf 91' lang='lat' dir='ltr'><strong>in</strong></span> <span class='ocrx_word' id='word_1_185' title='bbox 877 1571 1062 1646; x_wconf 85' lang='lat' dir='ltr'><strong>conspectu</strong></span> <span class='ocrx_word' id='word_1_186' title='bbox 1083 1572 1141 1647; x_wconf 86' lang='lat' dir='ltr'><strong>tuo</strong></span> 
     </span>
     <span class='ocr_line' id='line_1_17' title="bbox 161 1642 2175 1731; baseline -0.001 -17"><span class='ocrx_word' id='word_1_187' title='bbox 161 1650 270 1714; x_wconf 90' lang='lat' dir='ltr'><strong>omnis</strong></span> <span class='ocrx_word' id='word_1_188' title='bbox 289 1647 419 1713; x_wconf 81' lang='lat' dir='ltr'><strong>vivens.</strong></span> <span class='ocrx_word' id='word_1_189' title='bbox 463 1647 530 1710; x_wconf 85' lang='lat' dir='ltr'><strong>Sed</strong></span> <span class='ocrx_word' id='word_1_190' title='bbox 554 1647 643 1731; x_wconf 91' lang='lat' dir='ltr'><strong>quod</strong></span> <span class='ocrx_word' id='word_1_191' title='bbox 666 1644 821 1711; x_wconf 72' lang='lat' dir='ltr'><strong>Christus</strong></span> <span class='ocrx_word' id='word_1_192' title='bbox 839 1646 1072 1713; x_wconf 79' lang='lat' dir='ltr'><strong>satisfactione</strong></span> <span class='ocrx_word' id='word_1_193' title='bbox 1093 1648 1141 1712; x_wconf 95' lang='lat' dir='ltr'><strong>iu·</strong></span> <span class='ocrx_word' id='word_1_194' title='bbox 1280 1642 1451 1710; x_wconf 86' lang='lat' dir='ltr'><strong>Hactenus</strong></span> <span class='ocrx_word' id='word_1_195' title='bbox 1473 1645 1635 1709; x_wconf 84' lang='lat' dir='ltr'><strong>tradimus</strong></span> <span class='ocrx_word' id='word_1_196' title='bbox 1648 1647 1696 1723; x_wconf 64' lang='grc' dir='ltr'><strong>Μ)</strong></span> <span class='ocrx_word' id='word_1_197' title='bbox 1719 1644 1904 1710; x_wconf 89' lang='lat' dir='ltr'><strong>doctrinam</strong></span> <span class='ocrx_word' id='word_1_198' title='bbox 1920 1644 2175 1726; x_wconf 85' lang='lat' dir='ltr'><strong>iustificationis,</strong></span> 
     </span>
     <span class='ocr_line' id='line_1_18' title="bbox 94 1728 2174 1819; baseline 0 -22"><span class='ocrx_word' id='word_1_199' title='bbox 94 1740 99 1753; x_wconf 90' lang='lat'>&#39;</span> <span class='ocrx_word' id='word_1_200' title='bbox 159 1732 353 1800; x_wconf 83' lang='lat' dir='ltr'><strong>stificamur.</strong></span> <span class='ocrx_word' id='word_1_201' title='bbox 399 1734 457 1799; x_wconf 89' lang='lat' dir='ltr'><strong>Sic</strong></span> <span class='ocrx_word' id='word_1_202' title='bbox 478 1734 579 1819; x_wconf 81' lang='lat' dir='ltr'><strong>igitur</strong></span> <span class='ocrx_word' id='word_1_203' title='bbox 601 1729 777 1818; x_wconf 81' lang='lat' dir='ltr'><strong>diligenter</strong></span> <span class='ocrx_word' id='word_1_204' title='bbox 798 1734 995 1798; x_wconf 86' lang='lat' dir='ltr'><strong>ostendatur</strong></span> <span class='ocrx_word' id='word_1_205' title='bbox 1016 1729 1142 1817; x_wconf 86' lang='lat' dir='ltr'><strong>populo</strong></span> <span class='ocrx_word' id='word_1_206' title='bbox 1191 1731 1335 1796; x_wconf 88' lang='lat' dir='ltr'><strong>nuncde</strong></span> <span class='ocrx_word' id='word_1_207' title='bbox 1356 1728 1520 1796; x_wconf 79' lang='lat' dir='ltr'><strong>fructibus</strong></span> <span class='ocrx_word' id='word_1_208' title='bbox 1544 1732 1704 1796; x_wconf 89' lang='lat' dir='ltr'><strong>dicemus.</strong></span> <span class='ocrx_word' id='word_1_209' title='bbox 1750 1729 1952 1796; x_wconf 77' lang='lat' dir='ltr'><strong>iustificetur</strong></span> <span class='ocrx_word' id='word_1_210' title='bbox 1973 1730 2174 1798; x_wconf 88' lang='lat' dir='ltr'><strong>enimhomo</strong></span> 
     </span>
     <span class='ocr_line' id='line_1_19' title="bbox 150 1814 2175 1925; baseline -0 -40"><span class='ocrx_word' id='word_1_211' title='bbox 150 1817 336 1899; x_wconf 80' lang='lat' dir='ltr'><strong>¹Christus,</strong></span> <span class='ocrx_word' id='word_1_212' title='bbox 366 1840 428 1885; x_wconf 88' lang='lat' dir='ltr'><strong>cur</strong></span> <span class='ocrx_word' id='word_1_213' title='bbox 449 1820 577 1884; x_wconf 85' lang='lat' dir='ltr'><strong>miserit</strong></span> <span class='ocrx_word' id='word_1_214' title='bbox 599 1838 673 1883; x_wconf 91' lang='lat' dir='ltr'><strong>eum</strong></span> <span class='ocrx_word' id='word_1_215' title='bbox 697 1817 816 1895; x_wconf 87' lang='lat' dir='ltr'><strong>Peter,</strong></span> <span class='ocrx_word' id='word_1_216' title='bbox 839 1831 874 1884; x_wconf 93' lang='lat' dir='ltr'><strong>ut</strong></span> <span class='ocrx_word' id='word_1_217' title='bbox 895 1817 1024 1885; x_wconf 88' lang='lat' dir='ltr'><strong>scilicet</strong></span> <span class='ocrx_word' id='word_1_218' title='bbox 1046 1819 1141 1883; x_wconf 89' lang='lat' dir='ltr'><strong>satis-</strong></span> <span class='ocrx_word' id='word_1_219' title='bbox 1191 1833 1254 1925; x_wconf 69' lang='lat' dir='ltr'><strong>pe‘r</strong></span> <span class='ocrx_word' id='word_1_220' title='bbox 1276 1815 1395 1893; x_wconf 85' lang='lat' dir='ltr'><strong>iidem,</strong></span> <span class='ocrx_word' id='word_1_221' title='bbox 1429 1837 1495 1882; x_wconf 92' lang='lat' dir='ltr'><strong>non</strong></span> <span class='ocrx_word' id='word_1_222' title='bbox 1524 1838 1566 1881; x_wconf 85' lang='lat' dir='ltr'><strong>ex</strong></span> <span class='ocrx_word' id='word_1_223' title='bbox 1589 1814 1742 1882; x_wconf 89' lang='lat' dir='ltr'><strong>humenis</strong></span> <span class='ocrx_word' id='word_1_224' title='bbox 1766 1818 1892 1882; x_wconf 86' lang='lat' dir='ltr'><strong>meritis</strong></span> <span class='ocrx_word' id='word_1_225' title='bbox 1920 1837 1982 1884; x_wconf 89' lang='lat' dir='ltr'><strong>sen</strong></span> <span class='ocrx_word' id='word_1_226' title='bbox 2003 1820 2175 1905; x_wconf 83' lang='lat' dir='ltr'><strong>operibus,</strong></span> 
     </span>
     <span class='ocr_line' id='line_1_20' title="bbox 159 1901 2176 1992; baseline 0 -22"><span class='ocrx_word' id='word_1_227' title='bbox 159 1901 289 1972; x_wconf 84' lang='lat' dir='ltr'><strong>iaceret</strong></span> <span class='ocrx_word' id='word_1_228' title='bbox 305 1926 367 1992; x_wconf 88' lang='lat' dir='ltr'><strong>pro</strong></span> <span class='ocrx_word' id='word_1_229' title='bbox 390 1905 698 1990; x_wconf 79' lang='lat' dir='ltr'><strong>peccatisnostris,</strong></span> <span class='ocrx_word' id='word_1_230' title='bbox 720 1916 753 1968; x_wconf 91' lang='lat' dir='ltr'><strong>et</strong></span> <span class='ocrx_word' id='word_1_231' title='bbox 770 1916 807 1969; x_wconf 90' lang='lat' dir='ltr'><strong>ut</strong></span> <span class='ocrx_word' id='word_1_232' title='bbox 822 1919 961 1990; x_wconf 89' lang='lat' dir='ltr'><strong>propter</strong></span> <span class='ocrx_word' id='word_1_233' title='bbox 973 1903 1141 1970; x_wconf 83' lang='lat' dir='ltr'><strong>Christum</strong></span> <span class='ocrx_word' id='word_1_234' title='bbox 1192 1904 1262 1968; x_wconf 74' lang='lat' dir='ltr'><strong>Sed</strong></span> <span class='ocrx_word' id='word_1_235' title='bbox 1284 1901 1369 1967; x_wconf 84' lang='lat' dir='ltr'><strong>fides</strong></span> <span class='ocrx_word' id='word_1_236' title='bbox 1392 1923 1460 1967; x_wconf 91' lang='lat' dir='ltr'><strong>non</strong></span> <span class='ocrx_word' id='word_1_237' title='bbox 1483 1913 1535 1967; x_wconf 87' lang='lat' dir='ltr'><strong>est</strong></span> <span class='ocrx_word' id='word_1_238' title='bbox 1555 1904 1619 1967; x_wconf 89' lang='lat' dir='ltr'><strong>nisi</strong></span> <span class='ocrx_word' id='word_1_239' title='bbox 1642 1904 1674 1967; x_wconf 92' lang='lat' dir='ltr'><strong>in</strong></span> <span class='ocrx_word' id='word_1_240' title='bbox 1697 1904 1801 1969; x_wconf 90' lang='lat' dir='ltr'><strong>eorde</strong></span> <span class='ocrx_word' id='word_1_241' title='bbox 1822 1904 1985 1981; x_wconf 90' lang='lat' dir='ltr'><strong>contrito,</strong></span> <span class='ocrx_word' id='word_1_242' title='bbox 2007 1923 2068 1968; x_wconf 89' lang='lat' dir='ltr'><strong>seu</strong></span> <span class='ocrx_word' id='word_1_243' title='bbox 2091 1926 2176 1970; x_wconf 71' lang='lat' dir='ltr'><strong>mor</strong></span> 
     </span>
     <span class='ocr_line' id='line_1_21' title="bbox 159 1988 2176 2080; baseline 0 -24"><span class='ocrx_word' id='word_1_244' title='bbox 159 1993 307 2075; x_wconf 88' lang='lat' dir='ltr'><strong>receptis</strong></span> <span class='ocrx_word' id='word_1_245' title='bbox 336 1993 369 2057; x_wconf 90' lang='lat' dir='ltr'><strong>in</strong></span> <span class='ocrx_word' id='word_1_246' title='bbox 398 1993 540 2080; x_wconf 88' lang='lat' dir='ltr'><strong>gratiam</strong></span> <span class='ocrx_word' id='word_1_247' title='bbox 567 1995 664 2058; x_wconf 90' lang='lat' dir='ltr'><strong>detur</strong></span> <span class='ocrx_word' id='word_1_248' title='bbox 687 1988 831 2075; x_wconf 83' lang='lat' dir='ltr'><strong>Spiritus</strong></span> <span class='ocrx_word' id='word_1_249' title='bbox 854 2002 1009 2069; x_wconf 86' lang='lat' dir='ltr'><strong>sanctus,</strong></span> <span class='ocrx_word' id='word_1_250' title='bbox 1031 2012 1053 2055; x_wconf 88' lang='lat' dir='ltr'><strong>a</strong></span> <span class='ocrx_word' id='word_1_251' title='bbox 1074 2008 1140 2075; x_wconf 91' lang='lat' dir='ltr'><strong>qno</strong></span> <span class='ocrx_word' id='word_1_252' title='bbox 1191 1989 1328 2066; x_wconf 87' lang='lat' dir='ltr'><strong>tiiiceto,</strong></span> <span class='ocrx_word' id='word_1_253' title='bbox 1350 2007 1412 2054; x_wconf 88' lang='lat' dir='ltr'><strong>seu</strong></span> <span class='ocrx_word' id='word_1_254' title='bbox 1433 1999 1555 2074; x_wconf 83' lang='lat' dir='ltr'><strong>agente</strong></span> <span class='ocrx_word' id='word_1_255' title='bbox 1576 1990 1820 2073; x_wconf 90' lang='lat' dir='ltr'><strong>poenitentiam.</strong></span> <span class='ocrx_word' id='word_1_256' title='bbox 1865 1988 1915 2054; x_wconf 85' lang='lat' dir='ltr'><strong>lta</strong></span> <span class='ocrx_word' id='word_1_257' title='bbox 1937 1991 2092 2056; x_wconf 91' lang='lat' dir='ltr'><strong>contritio</strong></span> <span class='ocrx_word' id='word_1_258' title='bbox 2114 2010 2176 2057; x_wconf 89' lang='lat' dir='ltr'><strong>seu</strong></span> 
     </span>
     <span class='ocr_line' id='line_1_22' title="bbox 159 2073 2175 2230; baseline 0 -89"><span class='ocrx_word' id='word_1_259' title='bbox 159 2077 427 2230; x_wconf 58' lang='lat' dir='ltr'><strong>{anctificentum</strong></span> <span class='ocrx_word' id='word_1_260' title='bbox 456 2091 616 2165; x_wconf 82' lang='lat' dir='ltr'><strong>regantur</strong></span> <span class='ocrx_word' id='word_1_261' title='bbox 639 2088 672 2142; x_wconf 91' lang='lat' dir='ltr'><strong>et</strong></span> <span class='ocrx_word' id='word_1_262' title='bbox 694 2076 927 2142; x_wconf 89' lang='lat' dir='ltr'><strong>custodiantur</strong></span> <span class='ocrx_word' id='word_1_263' title='bbox 948 2074 1047 2142; x_wconf 89' lang='lat' dir='ltr'><strong>electi</strong></span> <span class='ocrx_word' id='word_1_264' title='bbox 1071 2094 1141 2141; x_wconf 90' lang='lat' dir='ltr'><strong>ere·</strong></span> <span class='ocrx_word' id='word_1_265' title='bbox 1191 2075 1393 2159; x_wconf 87' lang='lat' dir='ltr'><strong>poenitentia</strong></span> <span class='ocrx_word' id='word_1_266' title='bbox 1424 2075 1595 2161; x_wconf 88' lang='lat' dir='ltr'><strong>praeeedit</strong></span> <span class='ocrx_word' id='word_1_267' title='bbox 1627 2073 1738 2140; x_wconf 86' lang='lat' dir='ltr'><strong>fidem.</strong></span> <span class='ocrx_word' id='word_1_268' title='bbox 1791 2073 1898 2166; x_wconf 67' lang='lat' dir='ltr'><strong>Nunc⁴</strong></span> <span class='ocrx_word' id='word_1_269' title='bbox 1922 2077 1965 2141; x_wconf 89' lang='lat' dir='ltr'><strong>de</strong></span> <span class='ocrx_word' id='word_1_270' title='bbox 1995 2095 2097 2142; x_wconf 86' lang='lat' dir='ltr'><strong>cruce</strong></span> <span class='ocrx_word' id='word_1_271' title='bbox 2128 2076 2175 2142; x_wconf 91' lang='lat' dir='ltr'><strong>di·</strong></span> 
     </span>
     <span class='ocr_line' id='line_1_23' title="bbox 151 2175 1317 2230; baseline -0.003 -2"><span class='ocrx_word' id='word_1_272' title='bbox 151 2182 155 2189; x_wconf 87' lang='grc'><strong>’</strong></span> <span class='ocrx_word' id='word_1_273' title='bbox 184 2175 289 2230; x_wconf 87' lang='lat' dir='ltr'><strong>entes.</strong></span> <span class='ocrx_word' id='word_1_274' title='bbox 1193 2179 1317 2226; x_wconf 92' lang='lat' dir='ltr'><strong>cemus.</strong></span> 
     </span>
     <span class='ocr_line' id='line_1_24' title="bbox 151 2243 2174 2332; baseline 0 -18"><span class='ocrx_word' id='word_1_275' title='bbox 151 2272 158 2283; x_wconf 95' lang='lat'><strong>·</strong></span> <span class='ocrx_word' id='word_1_276' title='bbox 246 2249 415 2314; x_wconf 89' lang='lat' dir='ltr'><strong>Doctores</strong></span> <span class='ocrx_word' id='word_1_277' title='bbox 446 2246 599 2314; x_wconf 85' lang='lat' dir='ltr'><strong>fecerunt</strong></span> <span class='ocrx_word' id='word_1_278' title='bbox 635 2256 707 2311; x_wconf 89' lang='lat' dir='ltr'><strong>tres</strong></span> <span class='ocrx_word' id='word_1_279' title='bbox 746 2258 861 2332; x_wconf 87' lang='lat' dir='ltr'><strong>partes</strong></span> <span class='ocrx_word' id='word_1_280' title='bbox 901 2248 1142 2331; x_wconf 83' lang='lat' dir='ltr'><strong>poenitentiae:</strong></span> <span class='ocrx_word' id='word_1_281' title='bbox 1278 2247 1424 2310; x_wconf 84' lang='lat' dir='ltr'><strong>Primum</strong></span> <span class='ocrx_word' id='word_1_282' title='bbox 1457 2245 1600 2310; x_wconf 88' lang='lat' dir='ltr'><strong>docendi</strong></span> <span class='ocrx_word' id='word_1_283' title='bbox 1631 2256 1710 2309; x_wconf 89' lang='lat' dir='ltr'><strong>snut</strong></span> <span class='ocrx_word' id='word_1_284' title='bbox 1736 2243 1906 2323; x_wconf 90' lang='lat' dir='ltr'><strong>homines,</strong></span> <span class='ocrx_word' id='word_1_285' title='bbox 1942 2250 2069 2313; x_wconf 87' lang='lat' dir='ltr'><strong>omneis</strong></span> <span class='ocrx_word' id='word_1_286' title='bbox 2091 2245 2174 2314; x_wconf 89' lang='lat' dir='ltr'><strong>ailli-</strong></span> 
     </span>
     <span class='ocr_line' id='line_1_25' title="bbox 161 2329 2176 2416; baseline 0 -16"><span class='ocrx_word' id='word_1_287' title='bbox 161 2336 393 2400; x_wconf 90' lang='lat' dir='ltr'><strong>contritionem</strong></span> <span class='ocrx_word' id='word_1_288' title='bbox 418 2336 475 2416; x_wconf 91' lang='lat' dir='ltr'><strong>(do</strong></span> <span class='ocrx_word' id='word_1_289' title='bbox 497 2354 538 2400; x_wconf 89' lang='lat' dir='ltr'><strong>ea</strong></span> <span class='ocrx_word' id='word_1_290' title='bbox 558 2335 624 2398; x_wconf 90' lang='lat' dir='ltr'><strong>iam</strong></span> <span class='ocrx_word' id='word_1_291' title='bbox 646 2333 816 2413; x_wconf 82' lang='lat' dir='ltr'><strong>diximus),</strong></span> <span class='ocrx_word' id='word_1_292' title='bbox 838 2334 1085 2416; x_wconf 86' lang='lat' dir='ltr'><strong>consessionem</strong></span> <span class='ocrx_word' id='word_1_293' title='bbox 1108 2342 1142 2397; x_wconf 91' lang='lat' dir='ltr'><strong>et</strong></span> <span class='ocrx_word' id='word_1_294' title='bbox 1193 2333 1324 2395; x_wconf 83' lang='lat' dir='ltr'><strong>oriones</strong></span> <span class='ocrx_word' id='word_1_295' title='bbox 1347 2329 1543 2414; x_wconf 86' lang='lat' dir='ltr'><strong>corporales</strong></span> <span class='ocrx_word' id='word_1_296' title='bbox 1565 2343 1600 2395; x_wconf 91' lang='lat' dir='ltr'><strong>et</strong></span> <span class='ocrx_word' id='word_1_297' title='bbox 1628 2330 1841 2416; x_wconf 87' lang='lat' dir='ltr'><strong>spirituales,</strong></span> <span class='ocrx_word' id='word_1_298' title='bbox 1875 2330 1996 2398; x_wconf 91' lang='lat' dir='ltr'><strong>malem</strong></span> <span class='ocrx_word' id='word_1_299' title='bbox 2018 2330 2176 2401; x_wconf 87' lang='lat' dir='ltr'><strong>valetudi-</strong></span> 
     </span>
     <span class='ocr_line' id='line_1_26' title="bbox 160 2412 2270 2502; baseline -0 -14"><span class='ocrx_word' id='word_1_300' title='bbox 160 2419 433 2488; x_wconf 83' lang='lat' dir='ltr'><strong>satislaetionem.</strong></span> <span class='ocrx_word' id='word_1_301' title='bbox 1194 2438 1282 2495; x_wconf 80' lang='lat' dir='ltr'><strong>nem,</strong></span> <span class='ocrx_word' id='word_1_302' title='bbox 1304 2417 1448 2500; x_wconf 88' lang='lat' dir='ltr'><strong>inopiam</strong></span> <span class='ocrx_word' id='word_1_303' title='bbox 1471 2429 1504 2481; x_wconf 91' lang='lat' dir='ltr'><strong>et</strong></span> <span class='ocrx_word' id='word_1_304' title='bbox 1525 2412 1645 2481; x_wconf 88' lang='lat' dir='ltr'><strong>similia</strong></span> <span class='ocrx_word' id='word_1_305' title='bbox 1667 2437 1746 2481; x_wconf 89' lang='lat' dir='ltr'><strong>esse</strong></span> <span class='ocrx_word' id='word_1_306' title='bbox 1765 2438 1868 2502; x_wconf 89' lang='lat' dir='ltr'><strong>opera</strong></span> <span class='ocrx_word' id='word_1_307' title='bbox 1890 2415 1966 2498; x_wconf 91' lang='lat' dir='ltr'><strong>Dei,</strong></span> <span class='ocrx_word' id='word_1_308' title='bbox 1989 2421 2077 2486; x_wconf 88' lang='lat' dir='ltr'><strong>sicut</strong></span> <span class='ocrx_word' id='word_1_309' title='bbox 2098 2419 2175 2487; x_wconf 79' lang='lat' dir='ltr'><strong>llic·</strong></span> <span class='ocrx_word' id='word_1_310' title='bbox 2263 2450 2270 2457; x_wconf 93' lang='lat'><strong>·</strong></span> 
     </span>
     <span class='ocr_line' id='line_1_27' title="bbox 247 2500 2176 2589; baseline 0.001 -16"><span class='ocrx_word' id='word_1_311' title='bbox 247 2507 317 2573; x_wconf 81' lang='lat' dir='ltr'><strong>Sed</strong></span> <span class='ocrx_word' id='word_1_312' title='bbox 346 2502 530 2571; x_wconf 78' lang='lat' dir='ltr'><strong>satisfactio</strong></span> <span class='ocrx_word' id='word_1_313' title='bbox 554 2525 622 2568; x_wconf 89' lang='lat' dir='ltr'><strong>non</strong></span> <span class='ocrx_word' id='word_1_314' title='bbox 651 2516 704 2569; x_wconf 88' lang='lat' dir='ltr'><strong>est</strong></span> <span class='ocrx_word' id='word_1_315' title='bbox 729 2501 843 2589; x_wconf 85' lang='lat' dir='ltr'><strong>aliqua</strong></span> <span class='ocrx_word' id='word_1_316' title='bbox 876 2514 993 2570; x_wconf 86' lang='lat' dir='ltr'><strong>nostra</strong></span> <span class='ocrx_word' id='word_1_317' title='bbox 1028 2523 1143 2589; x_wconf 88' lang='lat' dir='ltr'><strong>opera,</strong></span> <span class='ocrx_word' id='word_1_318' title='bbox 1194 2506 1316 2568; x_wconf 89' lang='lat' dir='ltr'><strong>remias</strong></span> <span class='ocrx_word' id='word_1_319' title='bbox 1350 2503 1450 2568; x_wconf 91' lang='lat' dir='ltr'><strong>docet</strong></span> <span class='ocrx_word' id='word_1_320' title='bbox 1480 2500 1604 2568; x_wconf 81' lang='lat' dir='ltr'><strong>&#39;lbrem</strong></span> <span class='ocrx_word' id='word_1_321' title='bbox 1626 2502 1659 2567; x_wconf 84' lang='lat'><strong>3.</strong></span> <span class='ocrx_word' id='word_1_322' title='bbox 1702 2502 1787 2577; x_wconf 86' lang='lat' dir='ltr'><strong>Quis</strong></span> <span class='ocrx_word' id='word_1_323' title='bbox 1820 2517 1873 2568; x_wconf 91' lang='lat' dir='ltr'><strong>est</strong></span> <span class='ocrx_word' id='word_1_324' title='bbox 1926 2507 1957 2568; x_wconf 90' lang='lat' dir='ltr'><strong>ui</strong></span> <span class='ocrx_word' id='word_1_325' title='bbox 1978 2506 2116 2585; x_wconf 83' lang='lat' dir='ltr'><strong>dixerit,</strong></span> <span class='ocrx_word' id='word_1_326' title='bbox 2138 2518 2176 2574; x_wconf 82' lang='grc' dir='ltr'><strong>ιιι</strong></span> 
     </span>
     <span class='ocr_line' id='line_1_28' title="bbox 159 2587 2176 2677; baseline 0.001 -19"><span class='ocrx_word' id='word_1_327' title='bbox 159 2595 222 2660; x_wconf 89' lang='lat' dir='ltr'><strong>sed</strong></span> <span class='ocrx_word' id='word_1_328' title='bbox 244 2591 411 2671; x_wconf 85' lang='lat' dir='ltr'><strong>Christus,</strong></span> <span class='ocrx_word' id='word_1_329' title='bbox 434 2593 522 2656; x_wconf 88' lang='lat' dir='ltr'><strong>sient</strong></span> <span class='ocrx_word' id='word_1_330' title='bbox 543 2590 688 2656; x_wconf 88' lang='lat' dir='ltr'><strong>loannes</strong></span> <span class='ocrx_word' id='word_1_331' title='bbox 708 2592 766 2670; x_wconf 89' lang='lat' dir='ltr'><strong>ait,</strong></span> <span class='ocrx_word' id='word_1_332' title='bbox 788 2593 862 2677; x_wconf 89' lang='lat' dir='ltr'><strong>ipse</strong></span> <span class='ocrx_word' id='word_1_333' title='bbox 884 2602 937 2656; x_wconf 91' lang='lat' dir='ltr'><strong>est</strong></span> <span class='ocrx_word' id='word_1_334' title='bbox 952 2590 1143 2676; x_wconf 86' lang='lat' dir='ltr'><strong>propitiatio</strong></span> <span class='ocrx_word' id='word_1_335' title='bbox 1194 2589 1289 2655; x_wconf 83' lang='lat' dir='ltr'><strong>fieret</strong></span> <span class='ocrx_word' id='word_1_336' title='bbox 1306 2587 1452 2654; x_wconf 89' lang='lat' dir='ltr'><strong>Domino</strong></span> <span class='ocrx_word' id='word_1_337' title='bbox 1474 2609 1543 2654; x_wconf 91' lang='lat' dir='ltr'><strong>non</strong></span> <span class='ocrx_word' id='word_1_338' title='bbox 1565 2590 1722 2656; x_wconf 67' lang='lat' dir='ltr'><strong>iubente?</strong></span> <span class='ocrx_word' id='word_1_339' title='bbox 1753 2588 1878 2656; x_wconf 82' lang='lat' dir='ltr'><strong>Exere</strong></span> <span class='ocrx_word' id='word_1_340' title='bbox 1930 2592 2046 2656; x_wconf 83' lang='lat' dir='ltr'><strong>tissimi</strong></span> <span class='ocrx_word' id='word_1_341' title='bbox 2063 2612 2176 2661; x_wconf 84' lang='lat' dir='ltr'><strong>noune</strong></span> 
     </span>
     <span class='ocr_line' id='line_1_29' title="bbox 158 2673 1709 2767; baseline -0.002 -24"><span class='ocrx_word' id='word_1_342' title='bbox 158 2700 222 2767; x_wconf 90' lang='lat' dir='ltr'><strong>pro</strong></span> <span class='ocrx_word' id='word_1_343' title='bbox 244 2679 395 2763; x_wconf 77' lang='lat' dir='ltr'><strong>peccetis</strong></span> <span class='ocrx_word' id='word_1_344' title='bbox 417 2679 553 2744; x_wconf 88' lang='lat' dir='ltr'><strong>nostris.</strong></span> <span class='ocrx_word' id='word_1_345' title='bbox 1194 2675 1412 2764; x_wconf 82' lang='lat' dir='ltr'><strong>egredientur</strong></span> <span class='ocrx_word' id='word_1_346' title='bbox 1433 2676 1523 2740; x_wconf 91' lang='lat' dir='ltr'><strong>bona</strong></span> <span class='ocrx_word' id='word_1_347' title='bbox 1543 2686 1578 2740; x_wconf 89' lang='lat' dir='ltr'><strong>et</strong></span> <span class='ocrx_word' id='word_1_348' title='bbox 1599 2673 1709 2740; x_wconf 73' lang='lat' dir='ltr'><strong>mala?</strong></span> 
     </span>
     <span class='ocr_line' id='line_1_30' title="bbox 151 2761 2177 2850; baseline 0.002 -24"><span class='ocrx_word' id='word_1_349' title='bbox 151 2790 157 2797; x_wconf 95' lang='lat'>·</span> <span class='ocrx_word' id='word_1_350' title='bbox 247 2765 438 2845; x_wconf 82' lang='lat' dir='ltr'><strong>Secunde,</strong></span> <span class='ocrx_word' id='word_1_351' title='bbox 455 2783 588 2848; x_wconf 86' lang='lat' dir='ltr'><strong>semper</strong></span> <span class='ocrx_word' id='word_1_352' title='bbox 616 2762 790 2841; x_wconf 89' lang='lat' dir='ltr'><strong>adiiciant,</strong></span> <span class='ocrx_word' id='word_1_353' title='bbox 821 2764 854 2826; x_wconf 92' lang='lat' dir='ltr'><strong>in</strong></span> <span class='ocrx_word' id='word_1_354' title='bbox 887 2763 1007 2848; x_wconf 90' lang='lat' dir='ltr'><strong>quibus</strong></span> <span class='ocrx_word' id='word_1_355' title='bbox 1036 2761 1144 2846; x_wconf 89' lang='lat' dir='ltr'><strong>possit</strong></span> <span class='ocrx_word' id='word_1_356' title='bbox 1281 2761 1451 2841; x_wconf 83' lang='lat' dir='ltr'><strong>Secundo,</strong></span> <span class='ocrx_word' id='word_1_357' title='bbox 1473 2763 1630 2841; x_wconf 90' lang='lat' dir='ltr'><strong>doceant,</strong></span> <span class='ocrx_word' id='word_1_358' title='bbox 1652 2773 1899 2850; x_wconf 75' lang='lat' dir='ltr'><strong>propterquam</strong></span> <span class='ocrx_word' id='word_1_359' title='bbox 1911 2783 2068 2830; x_wconf 80' lang='lat' dir='ltr'><strong>caussam</strong></span> <span class='ocrx_word' id='word_1_360' title='bbox 2079 2762 2177 2831; x_wconf 87' lang='lat' dir='ltr'><strong>Dens</strong></span> 
     </span>
     <span class='ocr_line' id='line_1_31' title="bbox 160 2845 2177 2935; baseline 0.001 -19"><span class='ocrx_word' id='word_1_361' title='bbox 160 2870 239 2916; x_wconf 84' lang='lat' dir='ltr'><strong>esse</strong></span> <span class='ocrx_word' id='word_1_362' title='bbox 272 2851 376 2929; x_wconf 85' lang='lat' dir='ltr'><strong>fides,</strong></span> <span class='ocrx_word' id='word_1_363' title='bbox 408 2847 538 2915; x_wconf 86' lang='lat' dir='ltr'><strong>seilicet</strong></span> <span class='ocrx_word' id='word_1_364' title='bbox 578 2849 611 2913; x_wconf 91' lang='lat' dir='ltr'><strong>in</strong></span> <span class='ocrx_word' id='word_1_365' title='bbox 637 2849 740 2914; x_wconf 88' lang='lat' dir='ltr'><strong>corde</strong></span> <span class='ocrx_word' id='word_1_366' title='bbox 770 2850 984 2928; x_wconf 76' lang='lat' dir='ltr'><strong>contrito.²⁶)</strong></span> <span class='ocrx_word' id='word_1_367' title='bbox 1028 2847 1071 2912; x_wconf 84' lang='lat' dir='ltr'><strong>Et</strong></span> <span class='ocrx_word' id='word_1_368' title='bbox 1092 2869 1144 2913; x_wconf 88' lang='lat' dir='ltr'><strong>nr·</strong></span> <span class='ocrx_word' id='word_1_369' title='bbox 1193 2865 1258 2913; x_wconf 86' lang='lat' dir='ltr'><strong>nos</strong></span> <span class='ocrx_word' id='word_1_370' title='bbox 1291 2845 1431 2933; x_wconf 78' lang='lat' dir='ltr'><strong>affligat.</strong></span> <span class='ocrx_word' id='word_1_371' title='bbox 1477 2845 1609 2935; x_wconf 79' lang='lat' dir='ltr'><strong>ntsstgn</strong></span> <span class='ocrx_word' id='word_1_372' title='bbox 1642 2849 1729 2913; x_wconf 90' lang='lat' dir='ltr'><strong>enim</strong></span> <span class='ocrx_word' id='word_1_373' title='bbox 1762 2869 1838 2928; x_wconf 90' lang='lat' dir='ltr'><strong>nos,</strong></span> <span class='ocrx_word' id='word_1_374' title='bbox 1872 2860 1908 2915; x_wconf 91' lang='lat' dir='ltr'><strong>ut</strong></span> <span class='ocrx_word' id='word_1_375' title='bbox 1939 2861 2104 2935; x_wconf 86' lang='lat' dir='ltr'><strong>provocet</strong></span> <span class='ocrx_word' id='word_1_376' title='bbox 2131 2853 2177 2918; x_wconf 89' lang='lat' dir='ltr'><strong>ad</strong></span> 
     </span>
     <span class='ocr_line' id='line_1_32' title="bbox 160 2930 2177 3025; baseline 0.001 -22"><span class='ocrx_word' id='word_1_377' title='bbox 160 2949 265 3025; x_wconf 77' lang='lat' dir='ltr'><strong>guent</strong></span> <span class='ocrx_word' id='word_1_378' title='bbox 287 2957 360 3015; x_wconf 92' lang='lat' dir='ltr'><strong>eos,</strong></span> <span class='ocrx_word' id='word_1_379' title='bbox 382 2937 460 3023; x_wconf 70' lang='lat' dir='ltr'><strong>q‘uia</strong></span> <span class='ocrx_word' id='word_1_380' title='bbox 481 2937 649 3001; x_wconf 88' lang='lat' dir='ltr'><strong>somniant</strong></span> <span class='ocrx_word' id='word_1_381' title='bbox 670 2955 709 2999; x_wconf 85' lang='lat' dir='ltr'><strong>se</strong></span> <span class='ocrx_word' id='word_1_382' title='bbox 733 2936 871 3000; x_wconf 87' lang='lat' dir='ltr'><strong>credere</strong></span> <span class='ocrx_word' id='word_1_383' title='bbox 892 2946 948 3001; x_wconf 84' lang='lat' dir='ltr'><strong>aut</strong></span> <span class='ocrx_word' id='word_1_384' title='bbox 971 2934 1070 2998; x_wconf 85' lang='lat' dir='ltr'><strong>iidem</strong></span> <span class='ocrx_word' id='word_1_385' title='bbox 1090 2933 1144 2998; x_wconf 88' lang='lat' dir='ltr'><strong>ha·</strong></span> <span class='ocrx_word' id='word_1_386' title='bbox 1194 2935 1440 3020; x_wconf 89' lang='lat' dir='ltr'><strong>poenitentiam.</strong></span> <span class='ocrx_word' id='word_1_387' title='bbox 1474 2933 1559 2998; x_wconf 89' lang='lat' dir='ltr'><strong>Nam</strong></span> <span class='ocrx_word' id='word_1_388' title='bbox 1582 2930 1783 2999; x_wconf 84' lang='lat' dir='ltr'><strong>afflictiones</strong></span> <span class='ocrx_word' id='word_1_389' title='bbox 1805 2948 1883 3001; x_wconf 91' lang='lat' dir='ltr'><strong>sunt</strong></span> <span class='ocrx_word' id='word_1_390' title='bbox 1900 2948 2016 3019; x_wconf 83' lang='lat' dir='ltr'><strong>partes</strong></span> <span class='ocrx_word' id='word_1_391' title='bbox 2039 2935 2126 3024; x_wconf 81' lang='lat' dir='ltr'><strong>legis</strong></span> <span class='ocrx_word' id='word_1_392' title='bbox 2142 2949 2177 3005; x_wconf 86' lang='lat' dir='ltr'><strong>et</strong></span> 
     </span>
     <span class='ocr_line' id='line_1_33' title="bbox 156 3016 2177 3108; baseline -0.001 -17"><span class='ocrx_word' id='word_1_393' title='bbox 156 3026 253 3104; x_wconf 88' lang='lat' dir='ltr'><strong>bere,</strong></span> <span class='ocrx_word' id='word_1_394' title='bbox 277 3044 352 3089; x_wconf 91' lang='lat' dir='ltr'><strong>cunr</strong></span> <span class='ocrx_word' id='word_1_395' title='bbox 371 3044 438 3088; x_wconf 92' lang='lat' dir='ltr'><strong>non</strong></span> <span class='ocrx_word' id='word_1_396' title='bbox 460 3021 607 3088; x_wconf 88' lang='lat' dir='ltr'><strong>habeant</strong></span> <span class='ocrx_word' id='word_1_397' title='bbox 628 3023 780 3086; x_wconf 89' lang='lat' dir='ltr'><strong>timorem</strong></span> <span class='ocrx_word' id='word_1_398' title='bbox 802 3021 880 3099; x_wconf 93' lang='lat' dir='ltr'><strong>Dei,</strong></span> <span class='ocrx_word' id='word_1_399' title='bbox 904 3042 980 3087; x_wconf 90' lang='lat' dir='ltr'><strong>cum</strong></span> <span class='ocrx_word' id='word_1_400' title='bbox 1001 3042 1069 3085; x_wconf 91' lang='lat' dir='ltr'><strong>non</strong></span> <span class='ocrx_word' id='word_1_401' title='bbox 1086 3016 1145 3084; x_wconf 91' lang='lat' dir='ltr'><strong>ba·</strong></span> <span class='ocrx_word' id='word_1_402' title='bbox 1219 3040 1324 3085; x_wconf 88' lang='lat' dir='ltr'><strong>cenae</strong></span> <span class='ocrx_word' id='word_1_403' title='bbox 1346 3040 1407 3105; x_wconf 93' lang='lat' dir='ltr'><strong>pro</strong></span> <span class='ocrx_word' id='word_1_404' title='bbox 1437 3021 1744 3104; x_wconf 88' lang='lat' dir='ltr'><strong>peccatisnostris</strong></span> <span class='ocrx_word' id='word_1_405' title='bbox 1773 3022 1952 3108; x_wconf 77' lang='lat' dir='ltr'><strong>irrogatae.</strong></span> <span class='ocrx_word' id='word_1_406' title='bbox 1997 3021 2067 3090; x_wconf 85' lang='lat' dir='ltr'><strong>Sed</strong></span> <span class='ocrx_word' id='word_1_407' title='bbox 2089 3026 2177 3089; x_wconf 89' lang='lat' dir='ltr'><strong>sicut</strong></span> 
     </span>
     <span class='ocr_line' id='line_1_34' title="bbox 158 3041 2175 3193; baseline -0.003 -15"><span class='ocrx_word' id='word_1_408' title='bbox 158 3113 240 3178; x_wconf 83' lang='lat' dir='ltr'><strong>beot</strong></span> <span class='ocrx_word' id='word_1_409' title='bbox 263 3130 323 3176; x_wconf 91' lang='lat' dir='ltr'><strong>eor</strong></span> <span class='ocrx_word' id='word_1_410' title='bbox 345 3111 535 3188; x_wconf 89' lang='lat' dir='ltr'><strong>contritum,</strong></span> <span class='ocrx_word' id='word_1_411' title='bbox 558 3109 592 3174; x_wconf 89' lang='lat' dir='ltr'><strong>id</strong></span> <span class='ocrx_word' id='word_1_412' title='bbox 609 3109 695 3172; x_wconf 91' lang='lat' dir='ltr'><strong>enim</strong></span> <span class='ocrx_word' id='word_1_413' title='bbox 712 3126 854 3173; x_wconf 84' lang='lat' dir='ltr'><strong>neccsse</strong></span> <span class='ocrx_word' id='word_1_414' title='bbox 872 3121 925 3172; x_wconf 89' lang='lat' dir='ltr'><strong>est</strong></span> <span class='ocrx_word' id='word_1_415' title='bbox 941 3108 1145 3193; x_wconf 87' lang='lat' dir='ltr'><strong>praecedere</strong></span> <span class='ocrx_word' id='word_1_416' title='bbox 1194 3041 1250 3171; x_wconf 80' lang='lat' dir='ltr'><strong>lex</strong></span> <span class='ocrx_word' id='word_1_417' title='bbox 1272 3127 1339 3172; x_wconf 90' lang='lat' dir='ltr'><strong>non</strong></span> <span class='ocrx_word' id='word_1_418' title='bbox 1362 3108 1472 3193; x_wconf 81' lang='lat' dir='ltr'><strong>arguit</strong></span> <span class='ocrx_word' id='word_1_419' title='bbox 1493 3116 1569 3186; x_wconf 87' lang='lat' dir='ltr'><strong>nos,</strong></span> <span class='ocrx_word' id='word_1_420' title='bbox 1591 3119 1627 3174; x_wconf 91' lang='lat' dir='ltr'><strong>ut</strong></span> <span class='ocrx_word' id='word_1_421' title='bbox 1647 3108 1786 3192; x_wconf 88' lang='lat' dir='ltr'><strong>perdat,</strong></span> <span class='ocrx_word' id='word_1_422' title='bbox 1815 3108 1873 3173; x_wconf 85' lang='lat' dir='ltr'><strong>Sic</strong></span> <span class='ocrx_word' id='word_1_423' title='bbox 1885 3109 1931 3184; x_wconf 70' lang='grc'><strong>28)</strong></span> <span class='ocrx_word' id='word_1_424' title='bbox 1965 3107 2091 3176; x_wconf 90' lang='lat' dir='ltr'><strong>Paulus</strong></span> <span class='ocrx_word' id='word_1_425' title='bbox 2112 3113 2175 3176; x_wconf 79' lang='lat' dir='ltr'><strong>aitr</strong></span> 
     </span>
    </p>
   </div>
   <div class='ocr_carea' id='block_1_4' title="bbox 159 3189 2176 3344">
    <p class='ocr_par' dir='ltr' id='par_1_4' title="bbox 159 3189 2176 3344">
     <span class='ocr_line' id='line_1_35' title="bbox 159 3189 2176 3344; baseline 0 -81"><span class='ocrx_word' id='word_1_426' title='bbox 159 3197 275 3269; x_wconf 84' lang='lat' dir='ltr'><strong>iidem,</strong></span> <span class='ocrx_word' id='word_1_427' title='bbox 298 3197 386 3261; x_wconf 89' lang='lat' dir='ltr'><strong>sicut</strong></span> <span class='ocrx_word' id='word_1_428' title='bbox 407 3217 549 3274; x_wconf 87' lang='lat' dir='ltr'><strong>aurora,</strong></span> <span class='ocrx_word' id='word_1_429' title='bbox 583 3197 713 3261; x_wconf 89' lang='lat' dir='ltr'><strong>oriente</strong></span> <span class='ocrx_word' id='word_1_430' title='bbox 734 3192 819 3269; x_wconf 88' lang='lat' dir='ltr'><strong>sole,</strong></span> <span class='ocrx_word' id='word_1_431' title='bbox 842 3194 928 3260; x_wconf 92' lang='lat' dir='ltr'><strong>diem</strong></span> <span class='ocrx_word' id='word_1_432' title='bbox 951 3190 1147 3260; x_wconf 86' lang='lat' dir='ltr'><strong>naturaiiter</strong></span> <span class='ocrx_word' id='word_1_433' title='bbox 1167 3232 1172 3344; x_wconf 60' lang='lat' dir='ltr'><strong>p</strong></span> <span class='ocrx_word' id='word_1_434' title='bbox 1196 3189 1370 3258; x_wconf 86' lang='lat' dir='ltr'><strong>Conclusit</strong></span> <span class='ocrx_word' id='word_1_435' title='bbox 1392 3194 1502 3258; x_wconf 91' lang='lat' dir='ltr'><strong>omnia</strong></span> <span class='ocrx_word' id='word_1_436' title='bbox 1524 3195 1588 3259; x_wconf 91' lang='lat' dir='ltr'><strong>snb</strong></span> <span class='ocrx_word' id='word_1_437' title='bbox 1606 3203 1793 3279; x_wconf 88' lang='lat' dir='ltr'><strong>peceatum,</strong></span> <span class='ocrx_word' id='word_1_438' title='bbox 1815 3215 1883 3259; x_wconf 91' lang='lat' dir='ltr'><strong>non</strong></span> <span class='ocrx_word' id='word_1_439' title='bbox 1904 3203 1940 3258; x_wconf 90' lang='lat' dir='ltr'><strong>ut</strong></span> <span class='ocrx_word' id='word_1_440' title='bbox 1961 3197 2091 3280; x_wconf 86' lang='lat' dir='ltr'><strong>perdet,</strong></span> <span class='ocrx_word' id='word_1_441' title='bbox 2113 3196 2176 3264; x_wconf 88' lang='lat' dir='ltr'><strong>sed</strong></span> 
     </span>
    </p>
   </div>
   <div class='ocr_carea' id='block_1_5' title="bbox 63 3276 2236 4961">
    <p class='ocr_par' dir='ltr' id='par_1_5' title="bbox 63 3276 2236 4961">
     <span class='ocr_line' id='line_1_36' title="bbox 158 3276 2176 3368; baseline 0.001 -22"><span class='ocrx_word' id='word_1_442' title='bbox 158 3283 338 3368; x_wconf 87' lang='lat' dir='ltr'><strong>praecedit.</strong></span> <span class='ocrx_word' id='word_1_443' title='bbox 1194 3290 1230 3342; x_wconf 89' lang='grc' dir='ltr'><strong>ιιι</strong></span> <span class='ocrx_word' id='word_1_444' title='bbox 1252 3279 1395 3344; x_wconf 85' lang='grc' dir='ltr'><strong>οιιιιιῑιιιιι</strong></span> <span class='ocrx_word' id='word_1_445' title='bbox 1419 3281 1622 3363; x_wconf 88' lang='lat' dir='ltr'><strong>misereatur,</strong></span> <span class='ocrx_word' id='word_1_446' title='bbox 1644 3283 1737 3344; x_wconf 85' lang='lat' dir='ltr'><strong>item:</strong></span> <span class='ocrx_word' id='word_1_447' title='bbox 1757 3276 1843 3345; x_wconf 90' lang='lat' dir='ltr'><strong>Nolo</strong></span> <span class='ocrx_word' id='word_1_448' title='bbox 1865 3292 2006 3346; x_wconf 89' lang='lat' dir='ltr'><strong>mortem</strong></span> <span class='ocrx_word' id='word_1_449' title='bbox 2021 3294 2176 3366; x_wconf 85' lang='lat' dir='ltr'><strong>peccato·</strong></span> 
     </span>
     <span class='ocr_line' id='line_1_37' title="bbox 150 3359 2177 3451; baseline 0.001 -20"><span class='ocrx_word' id='word_1_450' title='bbox 150 3392 155 3403; x_wconf 86' lang='lat'><strong>·</strong></span> <span class='ocrx_word' id='word_1_451' title='bbox 245 3365 359 3432; x_wconf 82' lang='lat' dir='ltr'><strong>&#39;lertio</strong></span> <span class='ocrx_word' id='word_1_452' title='bbox 395 3366 549 3444; x_wconf 90' lang='lat' dir='ltr'><strong>doceant,</strong></span> <span class='ocrx_word' id='word_1_453' title='bbox 593 3365 760 3449; x_wconf 91' lang='lat' dir='ltr'><strong>quomodo</strong></span> <span class='ocrx_word' id='word_1_454' title='bbox 805 3364 909 3428; x_wconf 89' lang='lat' dir='ltr'><strong>eorda</strong></span> <span class='ocrx_word' id='word_1_455' title='bbox 953 3362 1147 3447; x_wconf 90' lang='lat' dir='ltr'><strong>concipiant</strong></span> <span class='ocrx_word' id='word_1_456' title='bbox 1193 3384 1279 3441; x_wconf 90' lang='lat' dir='ltr'><strong>rum,</strong></span> <span class='ocrx_word' id='word_1_457' title='bbox 1302 3360 1351 3428; x_wconf 85' lang='lat' dir='ltr'><strong>lta</strong></span> <span class='ocrx_word' id='word_1_458' title='bbox 1372 3359 1574 3430; x_wconf 83' lang='lat' dir='ltr'><strong>afflictiones</strong></span> <span class='ocrx_word' id='word_1_459' title='bbox 1597 3378 1740 3451; x_wconf 86' lang='lat' dir='ltr'><strong>arguunt</strong></span> <span class='ocrx_word' id='word_1_460' title='bbox 1762 3386 1837 3446; x_wconf 91' lang='lat' dir='ltr'><strong>nos,</strong></span> <span class='ocrx_word' id='word_1_461' title='bbox 1858 3378 1896 3432; x_wconf 93' lang='lat' dir='ltr'><strong>ut</strong></span> <span class='ocrx_word' id='word_1_462' title='bbox 1918 3381 2105 3451; x_wconf 86' lang='lat' dir='ltr'><strong>provocent</strong></span> <span class='ocrx_word' id='word_1_463' title='bbox 2132 3369 2177 3437; x_wconf 85' lang='lat' dir='ltr'><strong>ad</strong></span> 
     </span>
     <span class='ocr_line' id='line_1_38' title="bbox 159 3447 2177 3542; baseline -0 -22"><span class='ocrx_word' id='word_1_464' title='bbox 159 3451 275 3532; x_wconf 83' lang='lat' dir='ltr'><strong>fidem,</strong></span> <span class='ocrx_word' id='word_1_465' title='bbox 306 3453 359 3515; x_wconf 88' lang='lat' dir='ltr'><strong>sic</strong></span> <span class='ocrx_word' id='word_1_466' title='bbox 387 3452 474 3515; x_wconf 89' lang='lat' dir='ltr'><strong>eninr</strong></span> <span class='ocrx_word' id='word_1_467' title='bbox 497 3451 699 3536; x_wconf 86' lang='lat' dir='ltr'><strong>concipiunt.</strong></span> <span class='ocrx_word' id='word_1_468' title='bbox 745 3447 886 3522; x_wconf 84' lang='lat' dir='ltr'><strong>Quando</strong></span> <span class='ocrx_word' id='word_1_469' title='bbox 909 3448 1003 3514; x_wconf 90' lang='lat' dir='ltr'><strong>Deus</strong></span> <span class='ocrx_word' id='word_1_470' title='bbox 1032 3451 1143 3514; x_wconf 92' lang='lat' dir='ltr'><strong>miser·</strong></span> <span class='ocrx_word' id='word_1_471' title='bbox 1208 3449 1441 3514; x_wconf 80' lang='lat' dir='ltr'><strong>›centrenrtam</strong></span> <span class='ocrx_word' id='word_1_472' title='bbox 1484 3447 1564 3515; x_wconf 92' lang='lat' dir='ltr'><strong>ldeo</strong></span> <span class='ocrx_word' id='word_1_473' title='bbox 1605 3452 1686 3516; x_wconf 74' lang='lat' dir='ltr'><strong>dnn</strong></span> <span class='ocrx_word' id='word_1_474' title='bbox 1720 3448 1897 3516; x_wconf 80' lang='lat' dir='ltr'><strong>Salomon:</strong></span> <span class='ocrx_word' id='word_1_475' title='bbox 1931 3451 2036 3527; x_wconf 86' lang='lat' dir='ltr'><strong>Quem</strong></span> <span class='ocrx_word' id='word_1_476' title='bbox 2068 3451 2177 3542; x_wconf 77' lang='lat' dir='ltr'><strong>diligit</strong></span> 
     </span>
     <span class='ocr_line' id='line_1_39' title="bbox 159 3532 2236 3624; baseline 0.001 -20"><span class='ocrx_word' id='word_1_477' title='bbox 159 3553 228 3619; x_wconf 88' lang='lat' dir='ltr'><strong>tps,</strong></span> <span class='ocrx_word' id='word_1_478' title='bbox 248 3534 485 3624; x_wconf 80' lang='lat' dir='ltr'><strong>perterrefacit</strong></span> <span class='ocrx_word' id='word_1_479' title='bbox 508 3557 568 3602; x_wconf 91' lang='lat' dir='ltr'><strong>eor</strong></span> <span class='ocrx_word' id='word_1_480' title='bbox 596 3548 629 3600; x_wconf 92' lang='lat' dir='ltr'><strong>et</strong></span> <span class='ocrx_word' id='word_1_481' title='bbox 647 3537 762 3601; x_wconf 77' lang='lat' dir='ltr'><strong>incutit</strong></span> <span class='ocrx_word' id='word_1_482' title='bbox 785 3532 885 3601; x_wconf 90' lang='lat' dir='ltr'><strong>alicui</strong></span> <span class='ocrx_word' id='word_1_483' title='bbox 914 3546 1035 3600; x_wconf 90' lang='lat' dir='ltr'><strong>metum</strong></span> <span class='ocrx_word' id='word_1_484' title='bbox 1056 3536 1141 3601; x_wconf 90' lang='lat' dir='ltr'><strong>iudi·</strong></span> <span class='ocrx_word' id='word_1_485' title='bbox 1228 3554 1299 3613; x_wconf 89' lang='lat' dir='ltr'><strong>eus,</strong></span> <span class='ocrx_word' id='word_1_486' title='bbox 1324 3536 1469 3619; x_wconf 84' lang='lat' dir='ltr'><strong>corripit.</strong></span> <span class='ocrx_word' id='word_1_487' title='bbox 1515 3535 1557 3600; x_wconf 86' lang='lat' dir='ltr'><strong>Et</strong></span> <span class='ocrx_word' id='word_1_488' title='bbox 1585 3534 1727 3601; x_wconf 82' lang='lat' dir='ltr'><strong>Paulus:</strong></span> <span class='ocrx_word' id='word_1_489' title='bbox 1756 3536 1846 3602; x_wconf 90' lang='lat' dir='ltr'><strong>Dum</strong></span> <span class='ocrx_word' id='word_1_490' title='bbox 1867 3539 2067 3618; x_wconf 88' lang='lat' dir='ltr'><strong>iudicamur,</strong></span> <span class='ocrx_word' id='word_1_491' title='bbox 2100 3559 2176 3607; x_wconf 84' lang='lat' dir='ltr'><strong>cor·</strong></span> <span class='ocrx_word' id='word_1_492' title='bbox 2232 3579 2236 3586; x_wconf 89' lang='lat'><strong>·</strong></span> 
     </span>
     <span class='ocr_line' id='line_1_40' title="bbox 160 3620 2176 3711; baseline -0.002 -17"><span class='ocrx_word' id='word_1_493' title='bbox 160 3625 213 3698; x_wconf 81' lang='lat' dir='ltr'><strong>cii,</strong></span> <span class='ocrx_word' id='word_1_494' title='bbox 236 3646 277 3690; x_wconf 90' lang='lat' dir='ltr'><strong>ea</strong></span> <span class='ocrx_word' id='word_1_495' title='bbox 299 3623 429 3689; x_wconf 85' lang='lat' dir='ltr'><strong>scilieet</strong></span> <span class='ocrx_word' id='word_1_496' title='bbox 451 3645 513 3690; x_wconf 91' lang='lat' dir='ltr'><strong>seu</strong></span> <span class='ocrx_word' id='word_1_497' title='bbox 536 3624 749 3708; x_wconf 88' lang='lat' dir='ltr'><strong>poenitentia,</strong></span> <span class='ocrx_word' id='word_1_498' title='bbox 771 3622 1011 3701; x_wconf 78' lang='lat' dir='ltr'><strong>sruccntritio,</strong></span> <span class='ocrx_word' id='word_1_499' title='bbox 1030 3623 1059 3685; x_wconf 91' lang='lat' dir='ltr'><strong>si</strong></span> <span class='ocrx_word' id='word_1_500' title='bbox 1074 3634 1141 3686; x_wconf 90' lang='lat' dir='ltr'><strong>tum</strong></span> <span class='ocrx_word' id='word_1_501' title='bbox 1194 3622 1337 3707; x_wconf 88' lang='lat' dir='ltr'><strong>ripimur.</strong></span> <span class='ocrx_word' id='word_1_502' title='bbox 1394 3620 1478 3686; x_wconf 88' lang='lat' dir='ltr'><strong>Sunt</strong></span> <span class='ocrx_word' id='word_1_503' title='bbox 1501 3621 1654 3707; x_wconf 82' lang='lat' dir='ltr'><strong>exempla</strong></span> <span class='ocrx_word' id='word_1_504' title='bbox 1676 3624 1848 3689; x_wconf 88' lang='lat' dir='ltr'><strong>recitanda</strong></span> <span class='ocrx_word' id='word_1_505' title='bbox 1871 3624 1999 3702; x_wconf 85' lang='lat' dir='ltr'><strong>David,</strong></span> <span class='ocrx_word' id='word_1_506' title='bbox 2036 3626 2092 3711; x_wconf 80' lang='lat' dir='ltr'><strong>qui</strong></span> <span class='ocrx_word' id='word_1_507' title='bbox 2114 3627 2176 3692; x_wconf 71' lang='lat' dir='ltr'><strong>nita</strong></span> 
     </span>
     <span class='ocr_line' id='line_1_41' title="bbox 146 3704 2178 3797; baseline 0 -19"><span class='ocrx_word' id='word_1_508' title='bbox 146 3713 273 3796; x_wconf 85' lang='lat' dir='ltr'><strong>audiat</strong></span> <span class='ocrx_word' id='word_1_509' title='bbox 294 3707 520 3797; x_wconf 82' lang='lat' dir='ltr'><strong>Evangelion,</strong></span> <span class='ocrx_word' id='word_1_510' title='bbox 542 3710 608 3775; x_wconf 92' lang='lat' dir='ltr'><strong>hoc</strong></span> <span class='ocrx_word' id='word_1_511' title='bbox 631 3720 703 3784; x_wconf 89' lang='lat' dir='ltr'><strong>est,</strong></span> <span class='ocrx_word' id='word_1_512' title='bbox 738 3709 768 3772; x_wconf 90' lang='lat' dir='ltr'><strong>si</strong></span> <span class='ocrx_word' id='word_1_513' title='bbox 789 3710 902 3774; x_wconf 81' lang='lat' dir='ltr'><strong>audiat</strong></span> <span class='ocrx_word' id='word_1_514' title='bbox 930 3709 992 3773; x_wconf 86' lang='lat' dir='ltr'><strong>sibi</strong></span> <span class='ocrx_word' id='word_1_515' title='bbox 1015 3709 1141 3773; x_wconf 90' lang='lat' dir='ltr'><strong>condo·</strong></span> <span class='ocrx_word' id='word_1_516' title='bbox 1194 3707 1323 3773; x_wconf 87' lang='lat' dir='ltr'><strong>Bonum</strong></span> <span class='ocrx_word' id='word_1_517' title='bbox 1341 3704 1430 3788; x_wconf 89' lang='lat' dir='ltr'><strong>milri,</strong></span> <span class='ocrx_word' id='word_1_518' title='bbox 1452 3709 1542 3795; x_wconf 86' lang='lat' dir='ltr'><strong>quod</strong></span> <span class='ocrx_word' id='word_1_519' title='bbox 1565 3706 1746 3775; x_wconf 86' lang='lat' dir='ltr'><strong>humiliasti</strong></span> <span class='ocrx_word' id='word_1_520' title='bbox 1764 3729 1826 3783; x_wconf 88' lang='lat' dir='ltr'><strong>me,</strong></span> <span class='ocrx_word' id='word_1_521' title='bbox 1848 3722 1885 3777; x_wconf 91' lang='lat' dir='ltr'><strong>ut</strong></span> <span class='ocrx_word' id='word_1_522' title='bbox 1902 3711 2064 3776; x_wconf 87' lang='lat' dir='ltr'><strong>discerem</strong></span> <span class='ocrx_word' id='word_1_523' title='bbox 2081 3714 2178 3779; x_wconf 88' lang='lat' dir='ltr'><strong>insti·</strong></span> 
     </span>
     <span class='ocr_line' id='line_1_42' title="bbox 63 3791 2177 3885; baseline 0.004 -28"><span class='ocrx_word' id='word_1_524' title='bbox 63 3851 65 3857; x_wconf 91' lang='lat'><strong>.</strong></span> <span class='ocrx_word' id='word_1_525' title='bbox 159 3800 232 3866; x_wconf 90' lang='lat' dir='ltr'><strong>uari</strong></span> <span class='ocrx_word' id='word_1_526' title='bbox 265 3808 406 3881; x_wconf 89' lang='lat' dir='ltr'><strong>peccata</strong></span> <span class='ocrx_word' id='word_1_527' title='bbox 438 3808 577 3882; x_wconf 89' lang='lat' dir='ltr'><strong>propter</strong></span> <span class='ocrx_word' id='word_1_528' title='bbox 610 3792 798 3875; x_wconf 83' lang='lat' dir='ltr'><strong>Christum,</strong></span> <span class='ocrx_word' id='word_1_529' title='bbox 834 3809 868 3860; x_wconf 91' lang='lat' dir='ltr'><strong>et</strong></span> <span class='ocrx_word' id='word_1_530' title='bbox 896 3796 1014 3859; x_wconf 86' lang='lat' dir='ltr'><strong>credat</strong></span> <span class='ocrx_word' id='word_1_531' title='bbox 1047 3810 1139 3859; x_wconf 89' lang='lat' dir='ltr'><strong>certo</strong></span> <span class='ocrx_word' id='word_1_532' title='bbox 1193 3791 1369 3859; x_wconf 84' lang='lat' dir='ltr'><strong>ficationes</strong></span> <span class='ocrx_word' id='word_1_533' title='bbox 1392 3805 1478 3860; x_wconf 86' lang='lat' dir='ltr'><strong>tuas.</strong></span> <span class='ocrx_word' id='word_1_534' title='bbox 1522 3792 1603 3861; x_wconf 90' lang='lat' dir='ltr'><strong>item</strong></span> <span class='ocrx_word' id='word_1_535' title='bbox 1626 3793 1797 3875; x_wconf 87' lang='lat' dir='ltr'><strong>Manasse,</strong></span> <span class='ocrx_word' id='word_1_536' title='bbox 1817 3796 1850 3862; x_wconf 74' lang='grc'><strong>2.</strong></span> <span class='ocrx_word' id='word_1_537' title='bbox 1874 3795 2019 3884; x_wconf 87' lang='lat' dir='ltr'><strong>Paralip.</strong></span> <span class='ocrx_word' id='word_1_538' title='bbox 2042 3796 2096 3863; x_wconf 80' lang='lat'><strong>33.</strong></span> <span class='ocrx_word' id='word_1_539' title='bbox 2119 3799 2177 3885; x_wconf 87' lang='lat' dir='ltr'><strong>qui</strong></span> 
     </span>
     <span class='ocr_line' id='line_1_43' title="bbox 159 3881 2177 3974; baseline -0 -22"><span class='ocrx_word' id='word_1_540' title='bbox 159 3884 303 3974; x_wconf 78' lang='lat' dir='ltr'><strong>ignosci.</strong></span> <span class='ocrx_word' id='word_1_541' title='bbox 350 3881 407 3947; x_wconf 86' lang='lat' dir='ltr'><strong>Sic</strong></span> <span class='ocrx_word' id='word_1_542' title='bbox 430 3896 541 3948; x_wconf 87' lang='lat' dir='ltr'><strong>antem</strong></span> <span class='ocrx_word' id='word_1_543' title='bbox 563 3881 712 3969; x_wconf 83' lang='lat' dir='ltr'><strong>erigatur</strong></span> <span class='ocrx_word' id='word_1_544' title='bbox 734 3902 795 3946; x_wconf 91' lang='lat' dir='ltr'><strong>cor</strong></span> <span class='ocrx_word' id='word_1_545' title='bbox 816 3892 850 3947; x_wconf 91' lang='grc' dir='ltr'><strong>ει</strong></span> <span class='ocrx_word' id='word_1_546' title='bbox 872 3881 1040 3966; x_wconf 86' lang='lat' dir='ltr'><strong>concipiat</strong></span> <span class='ocrx_word' id='word_1_547' title='bbox 1063 3902 1140 3946; x_wconf 93' lang='lat' dir='ltr'><strong>con·</strong></span> <span class='ocrx_word' id='word_1_548' title='bbox 1184 3893 1371 3967; x_wconf 86' lang='lat' dir='ltr'><strong>postquam</strong></span> <span class='ocrx_word' id='word_1_549' title='bbox 1388 3892 1630 3969; x_wconf 86' lang='lat' dir='ltr'><strong>coangustatus</strong></span> <span class='ocrx_word' id='word_1_550' title='bbox 1644 3892 1708 3961; x_wconf 91' lang='lat' dir='ltr'><strong>est,</strong></span> <span class='ocrx_word' id='word_1_551' title='bbox 1731 3882 2043 3963; x_wconf 88' lang='lat' dir='ltr'><strong>oravitDominum,</strong></span> <span class='ocrx_word' id='word_1_552' title='bbox 2065 3885 2177 3952; x_wconf 89' lang='lat' dir='ltr'><strong>Deunr</strong></span> 
     </span>
     <span class='ocr_line' id='line_1_44' title="bbox 136 3966 2176 4055; baseline 0 -19"><span class='ocrx_word' id='word_1_553' title='bbox 136 3968 429 4047; x_wconf 57' lang='lat' dir='ltr'><strong>“solationem-²⁶)</strong></span> <span class='ocrx_word' id='word_1_554' title='bbox 472 3967 565 4033; x_wconf 82' lang='lat' dir='ltr'><strong>llaec</strong></span> <span class='ocrx_word' id='word_1_555' title='bbox 591 3989 666 4035; x_wconf 92' lang='lat' dir='ltr'><strong>cum</strong></span> <span class='ocrx_word' id='word_1_556' title='bbox 695 3988 777 4033; x_wconf 84' lang='lat' dir='ltr'><strong>vere</strong></span> <span class='ocrx_word' id='word_1_557' title='bbox 804 3968 888 4033; x_wconf 85' lang='lat' dir='ltr'><strong>liunt</strong></span> <span class='ocrx_word' id='word_1_558' title='bbox 915 3968 948 4032; x_wconf 90' lang='lat' dir='ltr'><strong>in</strong></span> <span class='ocrx_word' id='word_1_559' title='bbox 976 3967 1081 4032; x_wconf 91' lang='lat' dir='ltr'><strong>corde</strong></span> <span class='ocrx_word' id='word_1_560' title='bbox 1107 3978 1141 4033; x_wconf 90' lang='lat' dir='ltr'><strong>et</strong></span> <span class='ocrx_word' id='word_1_561' title='bbox 1193 3986 1300 4042; x_wconf 88' lang='lat' dir='ltr'><strong>suum,</strong></span> <span class='ocrx_word' id='word_1_562' title='bbox 1323 3979 1356 4032; x_wconf 90' lang='lat' dir='ltr'><strong>et</strong></span> <span class='ocrx_word' id='word_1_563' title='bbox 1378 3968 1446 4055; x_wconf 78' lang='lat' dir='ltr'><strong>egit</strong></span> <span class='ocrx_word' id='word_1_564' title='bbox 1468 3966 1814 4052; x_wconf 86' lang='lat' dir='ltr'><strong>poeniteutiamraide</strong></span> <span class='ocrx_word' id='word_1_565' title='bbox 1831 3990 1945 4036; x_wconf 88' lang='lat' dir='ltr'><strong>coram</strong></span> <span class='ocrx_word' id='word_1_566' title='bbox 1959 3968 2176 4055; x_wconf 85' lang='lat' dir='ltr'><strong>Deoprtrurn</strong></span> 
     </span>
     <span class='ocr_line' id='line_1_45' title="bbox 158 4050 2176 4140; baseline 0 -17"><span class='ocrx_word' id='word_1_567' title='bbox 158 4078 227 4124; x_wconf 89' lang='lat' dir='ltr'><strong>non</strong></span> <span class='ocrx_word' id='word_1_568' title='bbox 249 4052 454 4125; x_wconf 85' lang='lat' dir='ltr'><strong>simulanter.</strong></span> <span class='ocrx_word' id='word_1_569' title='bbox 477 4066 557 4121; x_wconf 90' lang='lat' dir='ltr'><strong>tunc</strong></span> <span class='ocrx_word' id='word_1_570' title='bbox 578 4050 678 4120; x_wconf 87' lang='lat' dir='ltr'><strong>iidem</strong></span> <span class='ocrx_word' id='word_1_571' title='bbox 695 4055 839 4140; x_wconf 88' lang='lat' dir='ltr'><strong>concipit</strong></span> <span class='ocrx_word' id='word_1_572' title='bbox 852 4075 924 4134; x_wconf 92' lang='lat' dir='ltr'><strong>cor,</strong></span> <span class='ocrx_word' id='word_1_573' title='bbox 946 4065 1027 4120; x_wconf 91' lang='lat' dir='ltr'><strong>tuno</strong></span> <span class='ocrx_word' id='word_1_574' title='bbox 1043 4055 1142 4120; x_wconf 89' lang='lat' dir='ltr'><strong>etium</strong></span> <span class='ocrx_word' id='word_1_575' title='bbox 1192 4072 1346 4131; x_wconf 87' lang='lat' dir='ltr'><strong>suorum,</strong></span> <span class='ocrx_word' id='word_1_576' title='bbox 1375 4054 1573 4138; x_wconf 88' lang='lat' dir='ltr'><strong>deprecatus</strong></span> <span class='ocrx_word' id='word_1_577' title='bbox 1600 4067 1654 4120; x_wconf 86' lang='lat' dir='ltr'><strong>est</strong></span> <span class='ocrx_word' id='word_1_578' title='bbox 1673 4074 1749 4121; x_wconf 92' lang='lat' dir='ltr'><strong>eum</strong></span> <span class='ocrx_word' id='word_1_579' title='bbox 1772 4067 1805 4121; x_wconf 90' lang='lat' dir='ltr'><strong>et</strong></span> <span class='ocrx_word' id='word_1_580' title='bbox 1826 4057 2018 4123; x_wconf 77' lang='lat' dir='ltr'><strong>obsecravit</strong></span> <span class='ocrx_word' id='word_1_581' title='bbox 2038 4060 2176 4138; x_wconf 88' lang='lat' dir='ltr'><strong>intente,</strong></span> 
     </span>
     <span class='ocr_line' id='line_1_46' title="bbox 159 4138 2134 4227; baseline 0.002 -19"><span class='ocrx_word' id='word_1_582' title='bbox 159 4143 305 4227; x_wconf 90' lang='lat' dir='ltr'><strong>concipit</strong></span> <span class='ocrx_word' id='word_1_583' title='bbox 327 4140 484 4226; x_wconf 88' lang='lat' dir='ltr'><strong>Spiritum</strong></span> <span class='ocrx_word' id='word_1_584' title='bbox 506 4152 675 4221; x_wconf 88' lang='lat' dir='ltr'><strong>sanetum,</strong></span> <span class='ocrx_word' id='word_1_585' title='bbox 701 4141 757 4227; x_wconf 89' lang='lat' dir='ltr'><strong>qni</strong></span> <span class='ocrx_word' id='word_1_586' title='bbox 778 4140 875 4207; x_wconf 81' lang='lat' dir='ltr'><strong>affert</strong></span> <span class='ocrx_word' id='word_1_587' title='bbox 900 4139 1030 4208; x_wconf 82' lang='lat' dir='ltr'><strong>hactus</strong></span> <span class='ocrx_word' id='word_1_588' title='bbox 1052 4141 1141 4220; x_wconf 86' lang='lat' dir='ltr'><strong>fidei,</strong></span> <span class='ocrx_word' id='word_1_589' title='bbox 1192 4152 1227 4207; x_wconf 89' lang='lat' dir='ltr'><strong>et</strong></span> <span class='ocrx_word' id='word_1_590' title='bbox 1247 4139 1372 4205; x_wconf 84' lang='lat' dir='ltr'><strong>audivit</strong></span> <span class='ocrx_word' id='word_1_591' title='bbox 1392 4141 1575 4208; x_wconf 87' lang='lat' dir='ltr'><strong>orationem</strong></span> <span class='ocrx_word' id='word_1_592' title='bbox 1597 4142 1680 4210; x_wconf 91' lang='lat' dir='ltr'><strong>eius.</strong></span> <span class='ocrx_word' id='word_1_593' title='bbox 1724 4140 1806 4209; x_wconf 83' lang='grc' dir='ltr'><strong>Ιιειιι</strong></span> <span class='ocrx_word' id='word_1_594' title='bbox 1828 4138 2013 4210; x_wconf 87' lang='lat' dir='ltr'><strong>aliaurulta</strong></span> <span class='ocrx_word' id='word_1_595' title='bbox 2034 4163 2078 4210; x_wconf 87' lang='lat' dir='ltr'><strong>ex</strong></span> <span class='ocrx_word' id='word_1_596' title='bbox 2093 4164 2134 4212; x_wconf 90' lang='lat' dir='ltr'><strong>sc</strong></span> 
     </span>
     <span class='ocr_line' id='line_1_47' title="bbox 160 4224 2125 4313; baseline -0.002 -17"><span class='ocrx_word' id='word_1_597' title='bbox 160 4228 292 4296; x_wconf 80' lang='lat' dir='ltr'><strong>scilieet</strong></span> <span class='ocrx_word' id='word_1_598' title='bbox 312 4224 547 4307; x_wconf 87' lang='lat' dir='ltr'><strong>humilitatem,</strong></span> <span class='ocrx_word' id='word_1_599' title='bbox 570 4230 778 4305; x_wconf 85' lang='lat' dir='ltr'><strong>castitatem,</strong></span> <span class='ocrx_word' id='word_1_600' title='bbox 799 4227 1002 4313; x_wconf 89' lang='lat' dir='ltr'><strong>patientiam,</strong></span> <span class='ocrx_word' id='word_1_601' title='bbox 1023 4228 1143 4292; x_wconf 85' lang='lat' dir='ltr'><strong>carita·</strong></span> <span class='ocrx_word' id='word_1_602' title='bbox 1191 4226 1298 4312; x_wconf 90' lang='lat' dir='ltr'><strong>pturis</strong></span> <span class='ocrx_word' id='word_1_603' title='bbox 1319 4224 1462 4312; x_wconf 86' lang='lat' dir='ltr'><strong>petenda</strong></span> <span class='ocrx_word' id='word_1_604' title='bbox 1483 4240 1572 4293; x_wconf 86' lang='lat' dir='ltr'><strong>sunt.</strong></span> <span class='ocrx_word' id='word_1_605' title='bbox 2121 4267 2125 4272; x_wconf 90' lang='lat'><em>-</em></span> 
     </span>
     <span class='ocr_line' id='line_1_48' title="bbox 159 4309 2175 4466; baseline 0 -84"><span class='ocrx_word' id='word_1_606' title='bbox 159 4329 227 4382; x_wconf 91' lang='lat' dir='ltr'><strong>tem</strong></span> <span class='ocrx_word' id='word_1_607' title='bbox 249 4327 284 4381; x_wconf 89' lang='lat' dir='ltr'><strong>et</strong></span> <span class='ocrx_word' id='word_1_608' title='bbox 307 4311 434 4379; x_wconf 87' lang='lat' dir='ltr'><strong>similes</strong></span> <span class='ocrx_word' id='word_1_609' title='bbox 456 4309 596 4379; x_wconf 82' lang='lat' dir='ltr'><strong>fruetus.</strong></span> <span class='ocrx_word' id='word_1_610' title='bbox 620 4313 667 4378; x_wconf 91' lang='lat' dir='ltr'><strong>lbi</strong></span> <span class='ocrx_word' id='word_1_611' title='bbox 689 4334 749 4379; x_wconf 88' lang='lat' dir='ltr'><strong>eor</strong></span> <span class='ocrx_word' id='word_1_612' title='bbox 771 4315 865 4379; x_wconf 93' lang='lat' dir='ltr'><strong>conci</strong></span> <span class='ocrx_word' id='word_1_613' title='bbox 879 4315 914 4379; x_wconf 81' lang='lat' dir='ltr'><strong>rit</strong></span> <span class='ocrx_word' id='word_1_614' title='bbox 935 4314 1142 4466; x_wconf 70' lang='lat' dir='ltr'><strong>proppsitum</strong></span> <span class='ocrx_word' id='word_1_615' title='bbox 1278 4312 1403 4390; x_wconf 78' lang='lat' dir='ltr'><strong>Tertio,</strong></span> <span class='ocrx_word' id='word_1_616' title='bbox 1425 4315 1459 4378; x_wconf 91' lang='lat' dir='ltr'><strong>in</strong></span> <span class='ocrx_word' id='word_1_617' title='bbox 1480 4335 1590 4400; x_wconf 88' lang='lat' dir='ltr'><strong>poena</strong></span> <span class='ocrx_word' id='word_1_618' title='bbox 1611 4334 1673 4380; x_wconf 86' lang='lat' dir='ltr'><strong>seu</strong></span> <span class='ocrx_word' id='word_1_619' title='bbox 1694 4312 1879 4381; x_wconf 88' lang='lat' dir='ltr'><strong>aillietione</strong></span> <span class='ocrx_word' id='word_1_620' title='bbox 1900 4317 2104 4403; x_wconf 86' lang='lat' dir='ltr'><strong>praestanda</strong></span> <span class='ocrx_word' id='word_1_621' title='bbox 2121 4328 2175 4383; x_wconf 90' lang='lat' dir='ltr'><strong>est</strong></span> 
     </span>
     <span class='ocr_line' id='line_1_49' title="bbox 1031 4398 2175 4481; baseline 0.002 -15"><span class='ocrx_word' id='word_1_622' title='bbox 1031 4421 1096 4481; x_wconf 77' lang='lat' dir='ltr'><strong>om.</strong></span> <span class='ocrx_word' id='word_1_623' title='bbox 1108 4398 1140 4466; x_wconf 90' lang='grc'><strong>6.</strong></span> <span class='ocrx_word' id='word_1_624' title='bbox 1216 4401 1367 4480; x_wconf 89' lang='lat' dir='ltr'><strong>atientia,</strong></span> <span class='ocrx_word' id='word_1_625' title='bbox 1397 4401 1418 4463; x_wconf 92' lang='lat' dir='ltr'><strong>i.</strong></span> <span class='ocrx_word' id='word_1_626' title='bbox 1441 4421 1471 4464; x_wconf 90' lang='lat' dir='ltr'><strong>c.</strong></span> <span class='ocrx_word' id='word_1_627' title='bbox 1494 4421 1562 4466; x_wconf 91' lang='lat' dir='ltr'><strong>non</strong></span> <span class='ocrx_word' id='word_1_628' title='bbox 1585 4402 1746 4468; x_wconf 88' lang='lat' dir='ltr'><strong>debemus</strong></span> <span class='ocrx_word' id='word_1_629' title='bbox 1768 4404 1870 4468; x_wconf 87' lang='lat' dir='ltr'><strong>irasci</strong></span> <span class='ocrx_word' id='word_1_630' title='bbox 1891 4422 1954 4469; x_wconf 88' lang='lat' dir='ltr'><strong>sen</strong></span> <span class='ocrx_word' id='word_1_631' title='bbox 1975 4398 2175 4468; x_wconf 89' lang='lat' dir='ltr'><strong>maledicere</strong></span> 
     </span>
     <span class='ocr_line' id='line_1_50' title="bbox 1227 4485 2175 4560; baseline 0.002 -7"><span class='ocrx_word' id='word_1_632' title='bbox 1227 4508 1279 4560; x_wconf 88' lang='lat' dir='ltr'><strong>eo,</strong></span> <span class='ocrx_word' id='word_1_633' title='bbox 1297 4485 1386 4552; x_wconf 84' lang='lat' dir='ltr'><strong>sicut</strong></span> <span class='ocrx_word' id='word_1_634' title='bbox 1397 4485 1569 4553; x_wconf 85' lang='lat' dir='ltr'><strong>israelitae</strong></span> <span class='ocrx_word' id='word_1_635' title='bbox 1579 4489 1612 4554; x_wconf 90' lang='lat' dir='ltr'><strong>in</strong></span> <span class='ocrx_word' id='word_1_636' title='bbox 1636 4490 1725 4555; x_wconf 81' lang='lat' dir='ltr'><strong>exitu</strong></span> <span class='ocrx_word' id='word_1_637' title='bbox 1741 4490 1990 4555; x_wconf 86' lang='lat' dir='ltr'><strong>murmurabant</strong></span> <span class='ocrx_word' id='word_1_638' title='bbox 2007 4489 2175 4555; x_wconf 80' lang='lat' dir='ltr'><strong>adversos</strong></span> 
     </span>
     <span class='ocr_line' id='line_1_51' title="bbox 1191 4571 2175 4662; baseline 0.009 -24"><span class='ocrx_word' id='word_1_639' title='bbox 1191 4571 1313 4652; x_wconf 90' lang='lat' dir='ltr'><strong>Deum,</strong></span> <span class='ocrx_word' id='word_1_640' title='bbox 1345 4573 1413 4639; x_wconf 87' lang='lat' dir='ltr'><strong>Sed</strong></span> <span class='ocrx_word' id='word_1_641' title='bbox 1446 4574 1558 4658; x_wconf 89' lang='lat' dir='ltr'><strong>potins</strong></span> <span class='ocrx_word' id='word_1_642' title='bbox 1591 4576 1749 4641; x_wconf 90' lang='lat' dir='ltr'><strong>debemus</strong></span> <span class='ocrx_word' id='word_1_643' title='bbox 1782 4594 1971 4662; x_wconf 81' lang='lat' dir='ltr'><strong>agnoscere</strong></span> <span class='ocrx_word' id='word_1_644' title='bbox 1996 4586 2032 4640; x_wconf 90' lang='lat' dir='ltr'><strong>et</strong></span> <span class='ocrx_word' id='word_1_645' title='bbox 2063 4574 2175 4655; x_wconf 70' lang='lat' dir='ltr'><strong>roten,</strong></span> 
     </span>
     <span class='ocr_line' id='line_1_52' title="bbox 1192 4659 2174 4749; baseline 0.003 -24"><span class='ocrx_word' id='word_1_646' title='bbox 1192 4659 1282 4746; x_wconf 72' lang='lat' dir='ltr'><strong>quod</strong></span> <span class='ocrx_word' id='word_1_647' title='bbox 1304 4659 1468 4727; x_wconf 87' lang='lat' dir='ltr'><strong>eiusmodi</strong></span> <span class='ocrx_word' id='word_1_648' title='bbox 1499 4681 1643 4745; x_wconf 81' lang='lat' dir='ltr'><strong>poenam</strong></span> <span class='ocrx_word' id='word_1_649' title='bbox 1663 4662 1771 4727; x_wconf 88' lang='lat' dir='ltr'><strong>meriti</strong></span> <span class='ocrx_word' id='word_1_650' title='bbox 1799 4665 1905 4727; x_wconf 86' lang='lat' dir='ltr'><strong>simus</strong></span> <span class='ocrx_word' id='word_1_651' title='bbox 1931 4681 1994 4749; x_wconf 89' lang='lat' dir='ltr'><strong>pro</strong></span> <span class='ocrx_word' id='word_1_652' title='bbox 2022 4663 2174 4746; x_wconf 85' lang='lat' dir='ltr'><strong>peccatis</strong></span> 
     </span>
     <span class='ocr_line' id='line_1_53' title="bbox 1191 4742 2176 4825; baseline 0.002 -14"><span class='ocrx_word' id='word_1_653' title='bbox 1191 4747 1328 4812; x_wconf 81' lang='lat' dir='ltr'><strong>nostrie.</strong></span> <span class='ocrx_word' id='word_1_654' title='bbox 1378 4742 1450 4812; x_wconf 87' lang='lat' dir='ltr'><strong>Nos</strong></span> <span class='ocrx_word' id='word_1_655' title='bbox 1484 4746 1571 4815; x_wconf 88' lang='lat' dir='ltr'><strong>enim</strong></span> <span class='ocrx_word' id='word_1_656' title='bbox 1603 4765 1719 4813; x_wconf 88' lang='lat' dir='ltr'><strong>sumus</strong></span> <span class='ocrx_word' id='word_1_657' title='bbox 1752 4747 1930 4815; x_wconf 85' lang='lat' dir='ltr'><strong>adiudicati</strong></span> <span class='ocrx_word' id='word_1_658' title='bbox 1963 4748 2070 4825; x_wconf 81' lang='lat' dir='ltr'><strong>morti.</strong></span> <span class='ocrx_word' id='word_1_659' title='bbox 2124 4744 2176 4813; x_wconf 90' lang='lat' dir='ltr'><strong>lte</strong></span> 
     </span>
     <span class='ocr_line' id='line_1_54' title="bbox 1190 4829 2175 4923; baseline 0.005 -25"><span class='ocrx_word' id='word_1_660' title='bbox 1190 4829 1303 4919; x_wconf 76' lang='lat' dir='ltr'><strong>David</strong></span> <span class='ocrx_word' id='word_1_661' title='bbox 1324 4841 1474 4918; x_wconf 85' lang='lat' dir='ltr'><strong>praestat</strong></span> <span class='ocrx_word' id='word_1_662' title='bbox 1496 4835 1705 4919; x_wconf 85' lang='lat' dir='ltr'><strong>patientiam,</strong></span> <span class='ocrx_word' id='word_1_663' title='bbox 1737 4832 1815 4902; x_wconf 87' lang='lat' dir='ltr'><strong>dum</strong></span> <span class='ocrx_word' id='word_1_664' title='bbox 1843 4835 1907 4901; x_wconf 81' lang='lat' dir='ltr'><strong>aitt</strong></span> <span class='ocrx_word' id='word_1_665' title='bbox 1939 4831 2116 4923; x_wconf 84' lang='lat' dir='ltr'><strong>Praecepit</strong></span> <span class='ocrx_word' id='word_1_666' title='bbox 2142 4834 2175 4903; x_wconf 86' lang='lat' dir='ltr'><strong>ei</strong></span> 
     </span>
     <span class='ocr_line' id='line_1_55' title="bbox 1398 4928 2157 4961; baseline 0.001 -3"><span class='ocrx_word' id='word_1_667' title='bbox 1398 4930 1402 4936; x_wconf 90' lang='lat'>&#39;</span> <span class='ocrx_word' id='word_1_668' title='bbox 2116 4954 2119 4961; x_wconf 89' lang='lat'><strong>.</strong></span> <span class='ocrx_word' id='word_1_669' title='bbox 2141 4928 2157 4959; x_wconf 75' lang='lat' dir='ltr'><strong>rl</strong></span> 
     </span>
    </p>
   </div>
   <div class='ocr_carea' id='block_1_6' title="bbox 159 4575 366 4593">
    <p class='ocr_par' dir='ltr' id='par_1_6' title="bbox 159 4575 366 4593">
     <span class='ocr_line' id='line_1_56' title="bbox 159 4575 366 4593; baseline -0.01 -3"><span class='ocrx_word' id='word_1_670' title='bbox 159 4575 366 4593; x_wconf 46' lang='grc' dir='ltr'><strong>μ</strong></span> 
     </span>
    </p>
   </div>
   <div class='ocr_carea' id='block_1_7' title="bbox 160 4673 1170 4896">
    <p class='ocr_par' dir='ltr' id='par_1_7' title="bbox 160 4673 1170 4896">
     <span class='ocr_line' id='line_1_57' title="bbox 160 4673 1170 4778; baseline -0.003 -47"><span class='ocrx_word' id='word_1_671' title='bbox 160 4680 208 4745; x_wconf 68' lang='grc'><strong>13)</strong></span> <span class='ocrx_word' id='word_1_672' title='bbox 226 4676 311 4744; x_wconf 69' lang='lat' dir='ltr'><strong>reget]</strong></span> <span class='ocrx_word' id='word_1_673' title='bbox 329 4678 367 4762; x_wconf 73' lang='lat' dir='ltr'><strong>sic</strong></span> <span class='ocrx_word' id='word_1_674' title='bbox 384 4677 487 4744; x_wconf 51' lang='lat' dir='ltr'><strong>serapem</strong></span> <span class='ocrx_word' id='word_1_675' title='bbox 506 4676 591 4728; x_wconf 78' lang='lat' dir='ltr'><strong>Editt.</strong></span> <span class='ocrx_word' id='word_1_676' title='bbox 608 4675 733 4730; x_wconf 85' lang='lat' dir='ltr'><strong>Strobeiii</strong></span> <span class='ocrx_word' id='word_1_677' title='bbox 751 4685 778 4728; x_wconf 87' lang='lat' dir='ltr'><strong>et</strong></span> <span class='ocrx_word' id='word_1_678' title='bbox 795 4676 901 4728; x_wconf 83' lang='lat' dir='ltr'><strong>Weberi</strong></span> <span class='ocrx_word' id='word_1_679' title='bbox 918 4673 1025 4729; x_wconf 62' lang='lat' dir='ltr'><strong>went.-</strong></span> <span class='ocrx_word' id='word_1_680' title='bbox 1041 4685 1117 4743; x_wconf 70' lang='lat' dir='ltr'><strong>reget</strong></span> <span class='ocrx_word' id='word_1_681' title='bbox 1163 4731 1170 4778; x_wconf 53' lang='grc' dir='ltr'>Ι</span> 
     </span>
     <span class='ocr_line' id='line_1_58' title="bbox 160 4779 1169 4896; baseline -0.017 -59"><span class='ocrx_word' id='word_1_682' title='bbox 160 4784 207 4850; x_wconf 67' lang='lat' dir='ltr'><strong>ii)</strong></span> <span class='ocrx_word' id='word_1_683' title='bbox 224 4780 296 4848; x_wconf 81' lang='lat' dir='ltr'><strong>ideo]</strong></span> <span class='ocrx_word' id='word_1_684' title='bbox 315 4779 365 4831; x_wconf 81' lang='lat' dir='ltr'><strong>Ed.</strong></span> <span class='ocrx_word' id='word_1_685' title='bbox 384 4780 409 4828; x_wconf 78' lang='lat'><strong>2.</strong></span> <span class='ocrx_word' id='word_1_686' title='bbox 428 4780 456 4830; x_wconf 90' lang='lat' dir='ltr'><strong>id</strong></span> <span class='ocrx_word' id='word_1_687' title='bbox 1164 4779 1169 4896; x_wconf 67' lang='lat' dir='ltr'><strong>p</strong></span> 
     </span>
    </p>
   </div>
   <div class='ocr_carea' id='block_1_8' title="bbox 158 4882 1142 5020">
    <p class='ocr_par' dir='ltr' id='par_1_8' title="bbox 158 4882 1142 5020">
     <span class='ocr_line' id='line_1_59' title="bbox 158 4882 1142 4955; baseline 0.001 -18"><span class='ocrx_word' id='word_1_688' title='bbox 158 4884 208 4955; x_wconf 69' lang='lat' dir='ltr'><strong>bb)</strong></span> <span class='ocrx_word' id='word_1_689' title='bbox 223 4888 252 4937; x_wconf 86' lang='grc' dir='ltr'><strong>ιιι</strong></span> <span class='ocrx_word' id='word_1_690' title='bbox 270 4882 350 4935; x_wconf 84' lang='lat' dir='ltr'><strong>corde</strong></span> <span class='ocrx_word' id='word_1_691' title='bbox 374 4883 496 4948; x_wconf 82' lang='lat' dir='ltr'><strong>contrito]</strong></span> <span class='ocrx_word' id='word_1_692' title='bbox 520 4883 570 4935; x_wconf 81' lang='lat' dir='ltr'><strong>lid.</strong></span> <span class='ocrx_word' id='word_1_693' title='bbox 590 4885 616 4934; x_wconf 72' lang='grc'><strong>1.</strong></span> <span class='ocrx_word' id='word_1_694' title='bbox 641 4884 667 4933; x_wconf 88' lang='lat' dir='ltr'><strong>iu</strong></span> <span class='ocrx_word' id='word_1_695' title='bbox 691 4883 745 4949; x_wconf 80' lang='lat' dir='ltr'><strong>bis,</strong></span> <span class='ocrx_word' id='word_1_696' title='bbox 768 4898 878 4949; x_wconf 76' lang='lat' dir='ltr'><strong>quemn</strong></span> <span class='ocrx_word' id='word_1_697' title='bbox 901 4883 983 4936; x_wconf 84' lang='lat' dir='ltr'><strong>corde</strong></span> <span class='ocrx_word' id='word_1_698' title='bbox 1005 4886 1142 4952; x_wconf 77' lang='lat' dir='ltr'><strong>perterrita</strong></span> 
     </span>
     <span class='ocr_line' id='line_1_60' title="bbox 229 4954 692 5020; baseline -0.009 -14"><span class='ocrx_word' id='word_1_699' title='bbox 229 4960 297 5017; x_wconf 80' lang='lat' dir='ltr'><strong>tunt,</strong></span> <span class='ocrx_word' id='word_1_700' title='bbox 315 4967 363 5003; x_wconf 87' lang='lat' dir='ltr'><strong>seu</strong></span> <span class='ocrx_word' id='word_1_701' title='bbox 381 4956 424 5018; x_wconf 85' lang='grc' dir='ltr'><strong>(ιιι</strong></span> <span class='ocrx_word' id='word_1_702' title='bbox 441 4954 552 5020; x_wconf 78' lang='lat' dir='ltr'><strong>vocent)</strong></span> <span class='ocrx_word' id='word_1_703' title='bbox 571 4954 692 5004; x_wconf 74' lang='lat' dir='ltr'><strong>coutrita.</strong></span> 
     </span>
    </p>
   </div>
   <div class='ocr_carea' id='block_1_9' title="bbox 159 5036 1735 5163">
    <p class='ocr_par' dir='ltr' id='par_1_9' title="bbox 159 5036 1735 5163">
     <span class='ocr_line' id='line_1_61' title="bbox 159 5036 1735 5163; baseline -0.004 -50"><span class='ocrx_word' id='word_1_704' title='bbox 159 5056 209 5123; x_wconf 68' lang='lat'><strong>80)</strong></span> <span class='ocrx_word' id='word_1_705' title='bbox 227 5058 274 5112; x_wconf 81' lang='lat' dir='ltr'><strong>sn</strong></span> <span class='ocrx_word' id='word_1_706' title='bbox 291 5065 377 5107; x_wconf 80' lang='lat' dir='ltr'><strong>autern</strong></span> <span class='ocrx_word' id='word_1_707' title='bbox 395 5058 563 5120; x_wconf 78' lang='lat' dir='ltr'><strong>erigatur-</strong></span> <span class='ocrx_word' id='word_1_708' title='bbox 581 5036 800 5135; x_wconf 77' lang='lat' dir='ltr'><strong>consolationem]</strong></span> <span class='ocrx_word' id='word_1_709' title='bbox 819 5054 870 5109; x_wconf 76' lang='lat' dir='ltr'><strong>Ed.</strong></span> <span class='ocrx_word' id='word_1_710' title='bbox 889 5056 914 5108; x_wconf 71' lang='grc'><strong>9.</strong></span> <span class='ocrx_word' id='word_1_711' title='bbox 932 5040 1015 5108; x_wconf 65' lang='grc' dir='ltr'><strong>Ἰιιιιε</strong></span> <span class='ocrx_word' id='word_1_712' title='bbox 1026 5058 1142 5139; x_wconf 85' lang='lat' dir='ltr'><strong>concipit</strong></span> <span class='ocrx_word' id='word_1_713' title='bbox 1186 5092 1394 5163; x_wconf 56' lang='lat' dir='ltr'><strong>mmmm]</strong></span> <span class='ocrx_word' id='word_1_714' title='bbox 1409 5092 1462 5161; x_wconf 51' lang='lat' dir='ltr'><em>m</em></span> <span class='ocrx_word' id='word_1_715' title='bbox 1479 5095 1506 5155; x_wconf 42' lang='grc'><strong>2·</strong></span> <span class='ocrx_word' id='word_1_716' title='bbox 1525 5093 1680 5149; x_wconf 53' lang='lat' dir='ltr'><strong>mdiu.</strong></span> <span class='ocrx_word' id='word_1_717' title='bbox 1729 5137 1735 5147; x_wconf 25' lang='grc' dir='ltr'>υ</span> 
     </span>
    </p>
   </div>
   <div class='ocr_carea' id='block_1_10' title="bbox 229 5122 1508 5265">
    <p class='ocr_par' dir='ltr' id='par_1_10' title="bbox 229 5122 1508 5265">
     <span class='ocr_line' id='line_1_62' title="bbox 229 5122 1141 5192; baseline 0 -14"><span class='ocrx_word' id='word_1_718' title='bbox 229 5126 307 5178; x_wconf 74' lang='lat' dir='ltr'><strong>fldem</strong></span> <span class='ocrx_word' id='word_1_719' title='bbox 322 5122 385 5188; x_wconf 82' lang='lat' dir='ltr'><strong>cor,</strong></span> <span class='ocrx_word' id='word_1_720' title='bbox 411 5138 469 5176; x_wconf 87' lang='lat' dir='ltr'><strong>euru</strong></span> <span class='ocrx_word' id='word_1_721' title='bbox 486 5125 768 5191; x_wconf 70' lang='lat' dir='ltr'><strong>pemenaetmboe</strong></span> <span class='ocrx_word' id='word_1_722' title='bbox 785 5124 993 5192; x_wconf 68' lang='lat' dir='ltr'><strong>moneortgtrm</strong></span> <span class='ocrx_word' id='word_1_723' title='bbox 1009 5133 1037 5178; x_wconf 84' lang='lat' dir='ltr'><strong>et</strong></span> <span class='ocrx_word' id='word_1_724' title='bbox 1053 5142 1104 5179; x_wconf 89' lang='lat' dir='ltr'><strong>corr</strong></span> <span class='ocrx_word' id='word_1_725' title='bbox 1131 5158 1141 5171; x_wconf 87' lang='lat'><strong>·</strong></span> 
     </span>
     <span class='ocr_line' id='line_1_63' title="bbox 1190 5195 1508 5265; baseline -0.006 -16"><span class='ocrx_word' id='word_1_726' title='bbox 1190 5195 1239 5263; x_wconf 72' lang='lat'><strong>28)</strong></span> <span class='ocrx_word' id='word_1_727' title='bbox 1257 5197 1308 5265; x_wconf 83' lang='lat' dir='ltr'><strong>eie]</strong></span> <span class='ocrx_word' id='word_1_728' title='bbox 1325 5196 1376 5248; x_wconf 77' lang='lat' dir='ltr'><strong>lte</strong></span> <span class='ocrx_word' id='word_1_729' title='bbox 1395 5198 1420 5249; x_wconf 73' lang='grc' dir='ltr'><strong>ι.</strong></span> <span class='ocrx_word' id='word_1_730' title='bbox 1439 5197 1508 5248; x_wconf 77' lang='lat' dir='ltr'><strong>siout</strong></span> 
     </span>
    </p>
   </div>
   <div class='ocr_carea' id='block_1_11' title="bbox 228 5195 764 5265">
    <p class='ocr_par' dir='ltr' id='par_1_11' title="bbox 228 5195 831 5265">
     <span class='ocr_line' id='line_1_64' title="bbox 228 5195 764 5265; baseline 0.002 -19"><span class='ocrx_word' id='word_1_731' title='bbox 228 5196 268 5265; x_wconf 69' lang='lat' dir='ltr'><strong>pit</strong></span> <span class='ocrx_word' id='word_1_732' title='bbox 284 5195 500 5247; x_wconf 78' lang='lat' dir='ltr'><strong>consolationem.</strong></span> <span class='ocrx_word' id='word_1_733' title='bbox 543 5236 553 5259; x_wconf 90' lang='lat'><strong>,</strong></span> <span class='ocrx_word' id='word_1_734' title='bbox 634 5246 652 5257; x_wconf 71' lang='grc'><strong>,,</strong></span> <span class='ocrx_word' id='word_1_735' title='bbox 686 5222 764 5263; x_wconf 41' lang='grc' dir='ltr'><strong>Μ,</strong></span> 
     </span>
    </p>
   </div>
   <div class='ocr_carea' id='block_1_12' title="bbox 975 5236 1126 5265">
    <p class='ocr_par' dir='ltr' id='par_1_12' title="bbox 975 5236 1126 5265">
     <span class='ocr_line' id='line_1_65' title="bbox 975 5236 1126 5265; baseline 0 -12"><span class='ocrx_word' id='word_1_736' title='bbox 975 5244 997 5261; x_wconf 78' lang='grc'><strong>.,.</strong></span> <span class='ocrx_word' id='word_1_737' title='bbox 1021 5244 1060 5261; x_wconf 46' lang='grc' dir='ltr'><strong>Ι..</strong></span> <span class='ocrx_word' id='word_1_738' title='bbox 1081 5236 1126 5265; x_wconf 41' lang='grc' dir='ltr'><strong>ι...</strong></span> 
     </span>
    </p>
   </div>
   <div class='ocr_carea' id='block_1_13' title="bbox 0 0 2326 5594">
    <p class='ocr_par' dir='ltr' id='par_1_13' title="bbox 0 0 2326 5594">
     <span class='ocr_line' id='line_1_66' title="bbox 0 0 2326 5594; baseline 0 0"><span class='ocrx_word' id='word_1_739' title='bbox 0 0 2326 5594; x_wconf 95' lang='lat' dir='ltr'><strong> </strong></span> 
     </span>
    </p>
   </div>
  </div>
 </body>
</html>
