4642 5594
58 1672 64 1686 ¹
152 1667 220 1711 non
242 1648 325 1711 setis
347 1668 366 1710 c

151 249 216 319 tel
597 246 711 314 Ptttt..
733 247 838 316 mat..
860 245 1051 314 SCRIPTA
1070 244 1341 315 DOGMA'l'lCA
1361 245 1420 311 ΕΤ
1442 245 1715 316 SYlllBOLlCA.
2103 250 2169 319 632

151 442 266 509 uenire
293 438 449 517 deberet,
464 442 509 511 67)
538 448 679 522 apparet
692 438 737 514 66)
761 432 949 501 Ecclesiam
967 438 1012 514 66)
1035 435 1065 499 ei
1088 435 1135 500 rei
1161 439 1165 451 '
1183 436 1258 522 quis
1281 455 1370 501 nune
1388 437 1571 504 ebsemeti
1593 455 1704 523 neque
1725 450 1835 504 tamen
1859 452 2001 523 peccant
2022 441 2168 526 quinon

116 534 120 542 “
152 528 339 594 destinasse
363 527 448 590 diem
472 523 694 599 Donrinicnm,
716 524 830 607 qui⁴⁰)
849 520 1070 606 obhanoquo
1094 542 1137 586 ue
1183 524 1379 601 obseruant,
1394 526 1449 598 61)
1472 524 1549 607 quia
1571 542 1615 588 ne
1641 525 1705 608 ipsi
1729 525 1860 610 quidem
1879 523 2034 611 Apostoli
2056 525 2168 593 volue-

153 633 290 679 causatn
312 613 443 677 uidetur
463 612 630 687 nartstt)
651 606 830 694 placuisse,
852 620 889 673 vt
899 606 1062 673 heberent
1072 542 1136 672 lae-
1182 621 1259 673 runt
1290 626 1432 673 onerare
1446 611 1500 686 67)
1535 611 1762 677 conscientias
1796 608 1855 676 tali
1893 613 2071 692 seruitute,
2105 612 2169 678 sed

151 702 258 767 mines
279 695 468 782 exemplum
492 660 702 761 Clristianae
733 691 915 773 libertatis,
948 705 982 760 et
1011 696 1137 759 scirent
1159 668 1163 780 l
1182 697 1226 760 ad
1248 702 1378 779 te'mpns
1396 693 1638 780 prohibuerunt
1659 696 2015 782 propterseandolum.
2031 703 2085 779 66)
2106 699 2169 764 list

152 805 217 851 nee
238 785 369 850 sabboti
391 803 454 850 nec
471 780 610 848 alterius
622 780 686 846 diei
699 781 967 846 obseruationem
977 800 1135 847 necessa·
1160 783 1267 870 genim
1283 784 1336 859 ⁶⁴)
1358 792 1520 864 perpetua
1542 779 1698 847 voluntas
1719 782 1894 872 Euangelij
1924 786 2169 851 consideranda

150 873 234 939 fiam
247 873 290 953 aa)
313 889 401 937 0530·
1160 869 1216 933 tin
1237 867 1386 932 decreto.
1401 870 1455 946 66)
1498 864 1565 931 vix
1580 872 1634 947 66)
1654 867 1714 934 vlli
1736 869 1892 935 canones
1914 884 2091 936 seruantur
2112 891 2168 937 uo·

240 957 364 1021 Extant
385 955 601 1043 prodigiosae
624 953 866 1038 disputationes
889 953 931 1017 de
954 952 1136 1017 mutatione
1159 952 1163 1035 1
1183 965 1314 1032 curate,
1343 965 1378 1017 et
1404 949 1497 1018 multi
1517 956 1570 1034 67)
1604 957 1752 1041 quotidie
1774 959 1829 1039 66)
1858 954 2053 1024 exolescunt
2078 979 2097 1023 a
2122 959 2167 1024 ud

152 1043 251 1132 legis,
276 1045 318 1108 de
340 1043 539 1127 ceremonijs
560 1059 669 1106 nouae
690 1038 789 1126 legis,
806 1042 852 1117 ⁴⁸)
883 1040 926 1103 de
955 1038 1137 1103 mutatione
1160 1037 1260 1123 pillos
1291 1040 1411 1118 etiam,
1432 1043 1485 1118 66)
1524 1039 1580 1123 qui
1616 1038 1869 1128 diligentissime
1887 1047 1941 1124 76)
1986 1040 2082 1109 desen
2108 1053 2168 1110 unt

153 1130 298 1207 sabbati,
320 1132 465 1216 qnae⁴⁴J
489 1147 606 1192 omnes
629 1137 725 1192 ortae
743 1135 821 1189 sunt
843 1145 885 1190 ex
901 1121 1137 1208 falsapersua·
1160 1132 1163 1157 ¹
1183 1125 1391 1191 traditiones.
1415 1125 1488 1191 Nee
1505 1130 1848 1216 potestconseientijs
1871 1127 2014 1209 consuli,
2029 1134 2081 1210 76)
2104 1129 2169 1195 nisi

152 1217 258 1294 sione,
282 1217 371 1302 quod
399 1216 612 1299 operteat⁴⁵)
641 1215 675 1277 in
704 1210 862 1277 Ecclesia
894 1208 1018 1276 cultum
1057 1229 1136 1275 esse
1160 1210 1268 1295 {haec
1300 1212 1453 1297 aequitas
1487 1224 1658 1294 seruetur,
1691 1226 1728 1281 vt
1759 1217 1907 1281 sciamus
1934 1235 1994 1280 ees
2010 1219 2063 1296 77)
2092 1219 2166 1282 sine

152 1300 293 1368 similem
314 1301 477 1368 Leuitico.
526 1299 569 1364 Et
589 1304 636 1377 ⁴⁶)
665 1299 755 1385 quod
781 1295 935 1363 Christus
967 1297 1137 1362 comiserit
1161 1300 1337 1384 opinione
1358 1299 1571 1364 necessitatis
1593 1296 1734 1381 seruari,
1767 1322 1831 1366 nec
1853 1299 1920 1369 ledi
1942 1303 2168 1369 conscientias

151 1388 328 1475 Apostolis
355 1400 389 1454 et
417 1385 596 1472 Episcopis
613 1391 660 1461 ⁴⁷)
689 1385 878 1469 excogitare
907 1403 1015 1448 nouas
1043 1402 1136 1448 cere·
1160 1366 1163 1413 ¹
1183 1385 1312 1450 etiamsi
1334 1385 1529 1450 traditiones
1551 1383 1758 1454 exolescant.
1775 1392 1827 1467 ⁷³)

151 1477 294 1553 menies,
316 1496 402 1559 quae
425 1475 493 1539 sint
506 1476 552 1555 ⁴⁸)
575 1475 618 1538 ad
631 1470 774 1537 salutem
785 1469 1012 1535 necessariae.
1035 1469 1077 1533 lli
1090 1473 1135 1545 ⁴⁹)
1161 1466 1163 1490 '
1269 1467 1383 1535 Facile
1391 1483 1501 1536 autem
1514 1486 1655 1555 possent
1673 1477 1724 1546 76)
1746 1472 1905 1560 Episcopi
1916 1472 2098 1561 legitimam
2114 1477 2167 1555 76)

154 1581 288 1628 errores
310 1581 348 1625 se
389 1571 505 1626 serunt
522 1561 555 1624 in
578 1556 787 1635 Ecclesiam,
808 1576 883 1620 cum
904 1556 1037 1621 iusticia
1059 1554 1136 1622 fidei
1182 1558 1405 1623 obedientiam
1426 1559 1571 1622 retinere
1578 1603 1589 1636 ,
1617 1561 1647 1624 si
1669 1580 1737 1625 nen
1762 1571 1919 1647 urgerent
1947 1580 2085 1626 seruere
2106 1572 2170 1626 tra·

350 1583 437 1711 rlare
451 1650 495 1724 66)
519 1647 732 1711 docerentur.
777 1638 890 1729 Aliqui
903 1645 948 1721 67)
967 1643 1136 1727 disputant
1181 1644 1348 1722 ditiones,
1383 1664 1470 1729 quoe
1503 1646 1592 1708 bona
1627 1646 1834 1711 conscientia
1867 1649 1996 1714 seruati
2016 1649 2070 1726 76)
2100 1667 2170 1713 neu

152 1734 217 1798 diei
250 1732 415 1798 Dominici
438 1733 708 1798 obseruationem
729 1750 797 1795 non
820 1731 953 1815 quidem
988 1729 1071 1794 iuris
1090 1730 1137 1794 di·
1181 1740 1336 1813 possunt.
1380 1730 1479 1795 Nunc
1509 1730 1673 1812 imperant
1698 1729 1915 1812 coelibatum,
1943 1731 2056 1799 nullos
2083 1735 2169 1798 reci·

152 1820 220 1886 uini
237 1840 334 1898 esse,
356 1821 416 1884 sed
447 1821 545 1903 quasi
570 1819 650 1882 iuris
684 1816 801 1893 diuini,
833 1817 1066 1900 praescribunt
1094 1818 1137 1880 de
1181 1818 1275 1901 piunt
1297 1818 1360 1881 nisi
1384 1820 1492 1880 iurent
1514 1835 1554 1879 se
1571 1838 1686 1899 puram
1698 1815 1870 1905 Euangelij
1884 1820 2069 1885 doctrinam
2079 1817 2169 1886 nolle

151 1902 258 1993 ferijs,
281 1918 470 1992 quantenus
493 1901 594 1970 liceat
614 1904 759 1986 operari.
804 1901 1001 1989 Huiusmodi
1024 1902 1137 1985 dispn·
1160 1904 1316 1993 ,decere
1361 1901 1438 1967 Non
1460 1913 1577 1987 petunt
1598 1901 1776 1969 Ecclesiae
1792 1908 1845 1984 77)
1875 1916 1909 1970 vt
1930 1904 2088 1990 Episcopi
2109 1905 2170 1971 he·

152 1994 295 2058 tationes
315 1993 394 2076 quid
417 2003 496 2055 sunt
513 1988 602 2055 aliud
616 1993 661 2067 67)
684 1989 747 2053 nisi
763 1991 806 2063 66)
827 1985 938 2075 laquei
962 1990 1135 2053 conscieu-
1160 1990 1274 2055 tnesis
1296 1990 1347 2054 sui
1369 1991 1499 2053 iactura
1512 1991 1565 2067 76)
1587 1991 1736 2055 sarciant
1758 1991 1986 2073 concordiam,
2008 1993 2099 2078 quod
2115 1997 2169 2072 76)

151 2078 295 2145 tiorum?
329 2077 525 2162 Quanquam
548 2077 692 2154 cnim⁶⁴)
715 2086 878 2140 conentur
889 2075 1078 2159 epikeizare
1089 2076 1136 2153 66)

152 2165 359 2242 traditiones,
380 2175 492 2227 tamen
513 2183 679 2248 nunquam
706 2174 819 2246 potest
845 2165 997 2246 aequitas
1020 2162 1137 2246 depre-

150 2249 266 2330 hendi,
280 2253 325 2319 66)
347 2250 455 2313 donee
468 2263 579 2315 inerret
592 2253 651 2326 67)·
661 2248 774 2333 opinio
791 2249 1017 2327 necessitatis,
1038 2268 1136 2333 quam

152 2357 287 2403 manere
306 2354 449 2400 necesse
472 2345 535 2412 est,
549 2339 603 2413 66)
624 2334 680 2399 vbi
708 2336 906 2421 ignorantur
926 2336 979 2412 66)
1007 2333 1136 2398 iusticia

152 2423 240 2507 fidei,
263 2433 297 2487 et
317 2419 455 2487 libertas
478 2418 680 2486 Christiana.

56 2530 63 2541 ¹
241 2505 401 2592 Apostoll
431 2509 602 2573 iusserunt
634 2508 802 2571 abstinere
830 2526 852 2571 a
885 2507 1066 2593 sanguine,
1092 2508 1136 2582 66)

154 2662 362 2678 -ι-

152 2766 200 2834 67)
220 2765 340 2834 deberet]
357 2764 492 2832 Dresd.,
511 2765 645 2828 Onold.,
664 2766 766 2817 Wim.:
785 2764 879 2816 debeat
988 2761 1008 2777 “’

151 2852 200 2920 66)
218 2853 338 2916 deberet,
356 2851 473 2921 apparet]
491 2853 546 2904 lid.
566 2860 643 2903 ant:
663 2852 778 2904 deberet.
814 2852 931 2919 Apparet

152 2941 199 3008 66)
218 2941 378 3007 Ecclesiam]
394 2938 464 2991 Bat.
475 2939 560 3006 salso:
579 2940 690 2990 ecclesia

85 3054 91 3060 ·
151 3028 199 3095 40)
216 3028 273 3092 qui]
290 3026 398 3078 Faba:
417 3027 479 3091 quia

151 3113 199 3180 41)
216 3114 312 3180 magis]
330 3113 436 3163 Wim.:
455 3114 540 3176 magis
558 3125 660 3177 queque

151 3200 199 3267 42)
216 3199 425 3250 obseruationem
441 3195 625 3266 necessariam]
643 3196 729 3261 ttae,
752 3197 865 3249 wire:
888 3197 1062 3249 cocomarium
1088 3195 1135 3248 eb·

219 3270 395 3319 seruatienem

151 3354 199 3424 tt)
216 3355 250 3406 de
267 3355 422 3473 epremnnijs
439 3366 525 3403 uenae
548 3351 632 3423 legin]
657 3353 713 3403 lid.
738 3361 816 3404 ant:
840 3352 874 3402 de
897 3352 1064 3419 ceremonijs,
1087 3366 1135 3401 no-

219 3439 269 3475 uae
296 3436 358 3487 eges

151 3513 200 3577 44)
218 3506 297 3578 qaae]
314 3510 341 3559 s'n
357 3507 428 3560 Bai.
447 3510 501 3572 qui,
519 3507 585 3575 qood
595 3509 705 3575 primata
724 3515 779 3560 eret
792 3509 917 3577 serapiam,
932 3505 1082 3559 wdetun
1099 3511 1135 3558 ssi

219 3582 258 3631 is:
277 3594 326 3645 que
345 3580 374 3642 (ι’.
394 3595 416 3645 q.
437 3577 515 3642 quae)

152 3669 201 3735 46)
219 3665 350 3734 operteat]
368 3664 473 3715 Dosa:
493 3670 597 3729 oportet

152 3754 200 3823 46)
217 3753 344 3806 laeoitico.
378 3748 423 3820 llt]
443 3749 581 3813 Onold.,
600 3749 710 3800 Faba:
728 3749 861 3811 Leuitico,
881 3757 907 3798 et

151 3842 200 3909 47)
217 3838 353 3906 Apostolis
371 3843 398 3889 st
413 3835 564 3904 Episcopisl
583 3834 690 3888 Desa:
710 3836 841 3903 episcopis
861 3842 887 3887 et
904 3833 1032 3901 apostolia

151 3926 278 3998 46))166]
296 3926 402 3979 Faba:
421 3930 483 3974 sunt

152 4013 364 4084 ammissa:
383 4008 506 4076 111de
525 4015 605 4061 subt
623 4008 646 4076 11·

153 4102 203 4169 60)
220 4098 300 4171 alass]
319 4100 346 4150 s'n
361 4096 432 4149 Rat.
450 4094 528 4148 deest.

153 4190 204 4251 61)
220 4185 319 4258 Aliqui]
337 4187 443 4242 Deest
461 4181 576 4247 aliquid,
594 4178 701 4231 saon:
719 4180 775 4231 Attt

154 4278 204 4345 66)
218 4274 301 4344 alind]
321 4266 721 4336 wire.=attqntd,1)reed.,
740 4266 831 4319 Wim.
849 4263 1001 4317 imeeesstn
1014 4265 1137 4316 mattas.

156 4366 206 4427 63)
221 4360 284 4433 sisi]
302 4359 516 4426 ttst.‚w1re.,
534 4356 644 4407 Faba:
663 4368 741 4419 qnam

157 4452 207 4517 st)
223 4448 303 4519 nim]
321 4446 392 4500 ttae
409 4442 473 4497 leno
488 4456 570 4495 secem
587 4441 614 4491 ia
631 4441 745 4507 mareins
761 4436 842 4490 ledat.

157 4542 208 4595 tsi
222 4532 381 4607 spiksissttl
400 4533 507 4584 Dassa
526 4527 671 4595 epikejsare
689 4528 712 4591 (7
730 4524 859 4578 Weberus
876 4522 901 4577 lt.
919 4525 936 4577 7.
946 4523 985 4576 sie
992 4523 1136 4576 maest:

223 4608 317 4663 lissa.
334 4606 370 4673 epi
387 4602 471 4655 'ista
487 4597 657 4667 Epikeissre,
672 4596 783 4649 wire:
802 4594 968 4660 npiikeisare‚
982 4595 1039 4646 lid.
1057 4601 1137 4659 ant,

224 4678 337 4733 labne
354 4672 486 4740 spilissrs

158 4766 206 4819 Ι)
225 4758 393 4831 melum]
410 4758 464 4811 lld.
482 4762 559 4809 snt:
579 4750 767 4821 comprehendi

162 4855 208 4905 art
226 4850 326 4919 -Ι
340 4849 444 4902 wint
460 4848 567 4898 mantal

161 4944 207 4993 2¹.
227 4938 276 5011 n}
290 4938 361 4991 lat
377 4950 425 4987 sss
441 4930 521 4986 ute.

163 5030 208 5095 Ξ)
227 5019 528 5093 uujlirssd„
543 5014 637 5077 lion,

232 5100 291 5151 Ks-
305 5108 388 5149 sn:
401 5094 539 5159 ignotam
597 5108 605 5121 ·
791 5144 796 5151 ,

163 5190 214 5243 1
228 5204 252 5239 ι
269 5180 415 5251 ψ’.)
435 5178 582 5231 Desara
602 5169 729 5237 malus
751 5163 896 5228 suduosis,
912 5161 1000 5226 nst,
1025 5162 1139 5229 wire..

231 5256 342 5309 M:
352 5268 375 5307 ι
384 5250 509 5319 ψ
522 5250 576 5301 ds·

653 5010 787 5074 Onold.,
805 5007 911 5072 th..
928 4976 1138 5072 Bst,Wirc.‚

1160 2060 1292 2140 'umen
1317 2074 1524 2153 decebat⁸⁰)
1547 2076 1656 2140 bonos
1679 2087 1834 2162 pastores
1856 2075 1980 2144 faeere
2025 2077 2169 2145 'lantum

1160 2116 1298 2245 ¹lpetunt
1321 2172 1356 2225 vt
1376 2160 1498 2225 iniusta
1518 2163 1572 2242 67)
1611 2181 1714 2228 onera
1741 2166 1926 2243 remittant,
1958 2185 2046 2251 quae
2078 2184 2169 2230 noue

1160 2238 1272 2326 lsnnt,
1294 2258 1328 2311 et
1348 2257 1481 2332 praeter
1503 2250 1778 2316 consuetudinem
1787 2248 1966 2317 Ecclesiae
1981 2248 2169 2316 catholicoe

1160 2312 1164 2359 ¹
1183 2345 1331 2418 recepta.
1377 2331 1547 2397 Fortassis
1562 2336 1616 2413 67)
1637 2336 1728 2399 initio
1740 2337 1900 2421 quaedem
1913 2337 2167 2403 constitutiones

1181 2418 1373 2486 habuerunt
1387 2422 1440 2497 66)
1468 2417 1662 2503 probabiles
1692 2442 1836 2500 causas,
1860 2426 1915 2501 ⁸⁴)
1944 2444 2029 2509 quae
2056 2433 2168 2488 manen

1160 2672 1163 2681 ,
1183 2626 1231 2690 61)
1250 2636 1359 2691 peccant
1377 2627 1421 2691 qui
1440 2642 1493 2677 non
1512 2628 1665 2695 obseruant]
1684 2626 1771 2694 Bst,
1790 2630 1905 2682 wite:
1925 2637 2016 2697 peccat
2037 2632 2166 2695 sanguine

1254 2697 1298 2759 qui
1317 2711 1369 2746 non
1389 2698 1513 2747 obsemat

1182 2781 1231 2845 62)
1249 2781 1370 2849 onerare]
1391 2783 1499 2835 Desa:
1517 2784 1623 2833 onerari

1160 2870 1164 2883 '
1182 2868 1231 2933 66)
1249 2868 1411 2936 scandalum]
1431 2870 1537 2921 Faba:
1555 2870 1680 2921 scandala

1183 2955 1230 3022 64)
1250 2954 1331 3022 enim]
1350 2955 1462 3008 wire:
1480 2958 1557 3007 nobis
1575 2958 1598 3022 (7
1616 2957 1682 3024 cens.
1701 2972 1779 3023 supra
1792 2972 1820 3025 p.
1839 2955 1899 3010 616.
1917 2958 2053 3022 netuli.)

1183 3040 1231 3109 66)
1250 3042 1444 3093 consideranda
1469 3044 1497 3092 in
1524 3040 1651 3113 decreto]
1681 3042 1766 3094 Bate
1795 3045 1823 3094 in
1849 3043 1956 3094 decreto
1979 3043 2168 3095 consideranda

1252 3113 1370 3230 mund
1371 3127 1423 3230 11ιὲιο
1424 3113 1544 3231 tpicereta
1569 3114 1603 3176 (7)
1624 3114 1817 3165 consideranda
1856 3111 1911 3164 lid.
1934 3119 2014 3164 anta
2042 3114 2167 3178 censyde·

1183 3264 1230 3332 66)
1249 3268 1441 3385 ἓοηεὶάᾆταξιᾱα
1458 3270 1487 3318 in
1505 3270 1621 3321 decreto.
1657 3266 1721 3338 Vix]
1745 3266 1879 3319 Onold.:
1905 3268 2102 3324 nnmtuuanda
2137 3269 2169 3321 lu

1270 3350 1328 3385 ecre
1374 3351 1420 3386 vrx

1182 3421 1230 3488 67)
1248 3421 1333 3491 multi]
1352 3421 1434 3484 stat..
1454 3424 1569 3474 Wire.=
1587 3423 1684 3472 multae

1183 3507 1230 3571 66)
1250 3506 1377 3576 quotidie]
1399 3507 1532 3560 Onold.:
1551 3509 1656 3572 quidem
1740 3576 1748 3580 .,

1184 3594 1231 3660 69)
1251 3595 1342 3659 etiam]
1359 3596 1386 3644 s'n
1405 3595 1498 3645 Dese.
1516 3594 1591 3646 deest.

1185 3680 1232 3748 70)
1251 3680 1460 3747 diligentissime]
1480 3680 1565 3742 Rae„
1584 3680 1684 3732 Wirc.
1702 3681 1823 3732 omittant.

1186 3768 1232 3833 71)
1252 3764 1362 3884 conscili]
1392 3768 1419 3816 ia
1446 3765 1517 3822 liet
1543 3767 1636 3818 calend
1662 3782 1746 3819 mort
1772 3767 1885 3818 consulti
1913 3772 2039 3820 sommas
2064 3772 2100 3819 ast
2124 3767 2169 3819 ise

1254 3851 1357 3886 consur

1114 3962 1118 3967 .
1186 3924 1234 3988 72)
1253 3920 1310 3989 eos]
1330 3922 1424 3984 Non,
1444 3920 1574 3973 Onold.:
1593 3936 1637 3972 eas

1185 4007 1233 4073 73)
1252 4009 1361 4058 etiamsi·
1375 4009 1530 4059 traditiones
1560 4008 1747 4073 exolescant]
1760 4009 1787 4060 N
1791 4023 1856 4061 om:
1884 4011 1985 4061 etiamsi
2009 4007 2170 4059 tradiciones

1255 4078 1414 4128 exolescunt.
1451 4077 1538 4140 liat,
1557 4077 1669 4130 Wirc.:
1688 4080 1770 4129 eciam
1797 4080 1820 4130 si
1846 4080 1908 4144 quid
1929 4083 2011 4129 mutet
2035 4093 2096 4128 rans
2121 4077 2170 4127 lt'o·

1254 4148 1354 4197 minum
1371 4149 1398 4198 in
1415 4161 1445 4197 re
1469 4148 1524 4198 tali.
1560 4147 1672 4198 Fabae
1696 4149 1798 4200 etiamsi
1820 4149 1882 4213 qnid
1904 4149 2021 4199 immutet
2041 4161 2102 4198 rsus
2124 4144 2171 4198 lto-

1253 4216 1352 4265 minum
1368 4218 1396 4266 in
1413 4217 1461 4267 teli
1479 4230 1517 4268 re.
2118 4206 2122 4229 ⁸

1184 4300 1232 4365 74)
1250 4300 1367 4369 possent]
1387 4302 1498 4352 Faba:
1516 4309 1626 4367 possunt

1184 4387 1231 4452 76)
1249 4387 1406 4452 legitimam]
1424 4389 1452 4438 in
1468 4388 1561 4439 Desa.
1578 4378 1653 4441 desit.

1184 4474 1232 4537 76)
1249 4476 1360 4541 seruari]
1379 4473 1462 4526 aaa:
1481 4488 1587 4525 seruare

1185 4559 1232 4622 77)
1250 4558 1399 4626 Ecclesiae]
1420 4559 1506 4624 Bet,
1523 4561 1639 4623 Wirc„
1657 4558 1764 4616 saon:
1782 4560 1911 4611 scelestae
1927 4566 2033 4612 nonen

1185 4644 1233 4710 76)
1252 4646 1363 4712 iactura]
1383 4646 1453 4698 Rat.
1470 4647 1546 4698 mels:
1564 4649 1690 4699 iacturam

1187 4732 1234 4798 79)
1254 4732 1335 4799 quod]
1353 4735 1450 4786 Desa.
1469 4734 1568 4785 omittit.
1596 4793 1604 4809 Ι

1186 4819 1233 4885 60)
1253 4819 1377 4886 decebat]
1396 4816 1529 4874 Onold.:
1548 4820 1665 4873 docebat

1186 4904 1234 4970 61)
1253 4904 1362 4973 iniusta]
1379 4904 1490 4957 sabra
1509 4908 1578 4957 iusta

1187 4990 1233 5056 62)
1252 4990 1393 5059 Fortassis]
1411 4993 1522 5046 wire:
1540 4993 1664 5043 Fortasse

1187 5078 1234 5141 66)
1253 5078 1379 5142 quaedam
1407 5080 1608 5129 constitutiones
1635 5076 1789 5147 babuerunt]
1816 5077 1902 5142 sat,
1931 5080 2043 5144 wtrc,
2063 5078 2170 5139 labne

1255 5146 1402 5199 habuerunt
1420 5149 1482 5221 ittae
1499 5148 1621 5214 (Fabae
1638 5149 1717 5212 istae)
1735 5149 1932 5202 constitutiones

1187 5231 1235 5299 64)
1252 5234 1401 5301 probabiles
1419 5234 1522 5301 cauam]
1539 5233 1624 5299 teat,
1642 5235 1754 5289 wiron
1771 5250 1863 5288 esnsas
1879 5214 2029 5304 punitos·
2084 5254 2087 5259 ·
